0113306    00978EUR2           I  310720                                                  0000039565763J                
0413306    00978EUR2           I71030820  310720   VER.PRETAGILOR N.10002047556  0000000  0000000500000{                              
0413306    00978EUR2           IB1050820  050820                           AVEM  0000000  0000000000549O                
0513306    00978EUR2           IB1050820     LIBAVEM                                                                    
0513306    00978EUR2           IB1050820     LIBFR73ZZZ395135                      SEPA                                 
0513306    00978EUR2           IB1050820     LIBCYBERDINE SYSTEMS                                                        
0513306    00978EUR2           IB1050820     LIB2013642193                                                              
0513306    00978EUR2           IB1050820     LIB151658750                          20200805-P0801/R                     
0513306    00978EUR2           IB1050820     LIBOTHR                                                                    
0513306    00978EUR2           IB1050820     LIB/INV/ FOU-62390 27.7.2020/R/                                            
0513306    00978EUR2           IB1050820     LIBMON2013642193000000000000001       RCUR                                 
0513306    00978EUR2           IB1050820     LIBFR761330600978          I66                                             
0413306    00978EUR2           I30060820  060820  CARTE 252072501 2053056 05/08  0000000  0000000002000{                          
0713306    00978EUR2           I  010920                                                  0000039261358R                
