JournalCode|JournalLib|EcritureNum|EcritureDate|CompteNum|CompteLib|CompAuxNum|CompAuxLib|PieceRef|PieceDate|EcritureLib|Debit|Credit|EcritureLet|DateLet|ValidDate|Montantdevise|Idevise|DateRglt|ModeRglt|NatOp
2|BILAN DEBUT|2-1|20200101|10800000|COMPTE DE L EXPLOITA||A NOUVEAU|BO|20200101|COMPTE DE L EXPLOITANT|0|14431,53|||20200101|||20200101||
2|BILAN DEBUT|2-1|20200101|16420000|EMPRUNTS EXPLOITAT. ||A NOUVEAU|BO|20200101|EMPRUNTS EXPLOITAT. M.T.|0|15000|||20200101|||20200101||
2|BILAN DEBUT|2-1|20200101|20100000|FRAIS D ETABLISSEMEN||A NOUVEAU|BO|20200101|FRAIS D ETABLISSEMENTS|1550,17|0|||20200101|||20200101||
2|BILAN DEBUT|2-1|20200101|21100000|TERRAINS||A NOUVEAU|BO|20200101|TERRAINS|8957|0|||20200101|||20200101||
2|BILAN DEBUT|2-1|20200101|21350000|INSTALL. AGENCEM.AME||A NOUVEAU|BO|20200101|INSTALL. AGENCEM.AMENAG.|7884,84|0|||20200101|||20200101||
2|BILAN DEBUT|2-1|20200101|21540000|MATERIEL||A NOUVEAU|BO|20200101|MATERIEL|2819,71|0|||20200101|||20200101||
2|BILAN DEBUT|2-1|20200101|26200000|PARTIC ORGAN AGRICOL||A NOUVEAU|BO|20200101|PARTIC ORGAN AGRICOLES|45|0|||20200101|||20200101||
2|BILAN DEBUT|2-1|20200101|28010000|AMORT FRAIS ETABLISS||A NOUVEAU|BO|20200101|AMORT FRAIS ETABLISSEM|0|257,78|||20200101|||20200101||
2|BILAN DEBUT|2-1|20200101|28154000|AMORT. MATERIEL||A NOUVEAU|BO|20200101|AMORT. MATERIEL|0|220,21|||20200101|||20200101||
2|BILAN DEBUT|2-1|20200101|30100000|APPROVISIONNEMENTS||A NOUVEAU|BO|20200101|APPROVISIONNEMENTS|200|0|||20200101|||20200101||
2|BILAN DEBUT|2-1|20200101|32000000|STOCKS ANIMAUX (CYC.||A NOUVEAU|BO|20200101|STOCKS ANIMAUX (CYC.COU)|7476|0|||20200101|||20200101||
2|BILAN DEBUT|2-1|20200101|37500000|PROD. FINIS ANIMAUX||A NOUVEAU|BO|20200101|PROD. FINIS ANIMAUX|175|0|||20200101|||20200101||
2|BILAN DEBUT|2-1|20200101|44583000|TVA REMBOURST DEMAND||A NOUVEAU|BO|20200101|TVA REMBOURST DEMANDE|2072|0|||20200101|||20200101||
2|BILAN DEBUT|2-1|20200101|51210000|CREDIT MUTUEL||A NOUVEAU|BO|20200101|CREDIT MUTUEL|0|1398,64|||20200101|||20200101||
2|BILAN DEBUT|2-1|20200101|12900000|PERTE DE L EXERCICE||A NOUVEAU|BO|20200101|Résultat (pertes)|1080,93|0|||20200101|||20200101||
2|BILAN DEBUT|2-1|20200101|40910000|FOURNISSEURS AVANCES||SYNTHESE ELEVAGE|40|20200101|Traitement volaille|0|15,6|*A||20200101|||20200101||
2|BILAN DEBUT|2-1|20200101|40199999|FOURNISSEURS EXPLOIT||INTER AFOCG|D1|20200101|achat ISTEA|0|381,6|A||20200101|||20200101||
2|BILAN DEBUT|2-1|20200101|40199999|FOURNISSEURS EXPLOIT||SUD-OUEST ALIMENT|D2|20200101|aliment|0|192,61|*A||20200101|||20200101||
2|BILAN DEBUT|2-1|20200101|40199999|FOURNISSEURS EXPLOIT||BIO CHENE VERT|D3|20200101|Test salmonelle|0|44,66|B||20200101|||20200101||
2|BILAN DEBUT|2-1|20200101|43100000|SECURITE SOCIALE ET ||MSA|X1|20200101|cotisation exp  2019|0|318,02|A||20200101|||20200101||
30|STOCKS DEBUT COMPTABLE|30-7|20200101|30100000|APPROVISIONNEMENTS||STOCK|s1|20200101|APPROVISIONNEMENTS|0|200|||20200101|||20200101||
30|STOCKS DEBUT COMPTABLE|30-7|20200101|60310000|VARIATION STOCKS APP||STOCK|s1|20200101|APPROVISIONNEMENTS|200|0|||20200101|||20200101||
30|STOCKS DEBUT COMPTABLE|30-8|20200101|37500000|PROD. FINIS ANIMAUX||STOCK|s2|20200101|OEUFS|0|175|||20200101|||20200101||
30|STOCKS DEBUT COMPTABLE|30-8|20200101|71375000|VARIATION PROD. ANIM||STOCK|s2|20200101|OEUFS|175|0|||20200101|||20200101||
30|STOCKS DEBUT COMPTABLE|30-9|20200101|32000000|STOCKS ANIMAUX (CYC.||STOCK|s3|20200101|POULES ET POULETS|0|7476|||20200101|||20200101||
30|STOCKS DEBUT COMPTABLE|30-9|20200101|71320000|VARIATION ANX CY COU||STOCK|s3|20200101|POULES ET POULETS|7476|0|||20200101|||20200101||
90|OPERATION DIVERSES|90-16|20200101|12900000|PERTE DE L EXERCICE||BO|AFFECT.RES.|20200101|per. 01/07/19-31/12/19|0|1080,93|||20200101|||20200101||
90|OPERATION DIVERSES|90-16|20200101|10800000|COMPTE DE L EXPLOITA||BO|AFFECT.RES.|20200101|solde/1012 |14431,53|0|||20200101|||20200101||
90|OPERATION DIVERSES|90-16|20200101|10120000|VARIAT. CAP. INDIVID||BO|AFFECT.RES.|20200101|Affec.01/07/19-31/12/19|0|13350,6|||20200101|||20200101||
21|CREDIT AGRICOLE PRO|21-8742|20200102|62260000|AUTRES HONORAIRES||SAFER|P1|20200102|Accelerartion processus|120|0|||20200102|||20200102|BANQUE|
21|CREDIT AGRICOLE PRO|21-8742|20200102|51210000|CREDIT MUTUEL||SAFER|P1|20200102|Accelerartion processus|0|120|||20200102|||20200102|BANQUE|
21|CREDIT AGRICOLE PRO|21-8743|20200102|40199999|FOURNISSEURS EXPLOIT||SUD-OUEST ALIMENT|P2|20200102|Aliment (dete 2019)|192,6|0|*A||20200102|||20200102|BANQUE|
21|CREDIT AGRICOLE PRO|21-8743|20200102|51210000|CREDIT MUTUEL||SUD-OUEST ALIMENT|P2|20200102|Aliment (dete 2019)|0|192,6|||20200102|||20200102|BANQUE|
90|OPERATION DIVERSES|90-6595|20200102|40199999|FOURNISSEURS EXPLOIT||SUD-OUEST ALIMENT|LP (*A)|20200102|Apur.diff.réglement (*A)|0,01|0|*A||20200102|||20200102||
90|OPERATION DIVERSES|90-6595|20200102|75800000|PRODUIT DIVERS GESTI||SUD-OUEST ALIMENT|LP (*A)|20200102|Apur.diff.réglement (*A)|0|0,01|||20200102|||20200102||
21|CREDIT AGRICOLE PRO|21-8744|20200103|10800000|COMPTE DE L EXPLOITA||MOI|P3|20200103|Achat perso gaz|34,3|0|||20200103|||20200103|BANQUE|
21|CREDIT AGRICOLE PRO|21-8744|20200103|51210000|CREDIT MUTUEL||MOI|P3|20200103|Achat perso gaz|0|34,3|||20200103|||20200103|BANQUE|
21|CREDIT AGRICOLE PRO|21-8745|20200103|61680000|ASSUR. AUTRES. (ADI)||BANQUE|P4|20200103|Assu caae prêt PRO|8,74|0|||20200103|||20200103|BANQUE|
21|CREDIT AGRICOLE PRO|21-8745|20200103|51210000|CREDIT MUTUEL||BANQUE|P4|20200103|Assu caae prêt PRO|0|8,74|||20200103|||20200103|BANQUE|
21|CREDIT AGRICOLE PRO|21-8746|20200106|60140000|ALIMENTS DU BETAIL||SUD-OUEST ALIMENT|P5|20200106|Aliment |348|0|||20200106|||20200106|BANQUE|
21|CREDIT AGRICOLE PRO|21-8746|20200106|44566000|TVA SUR AUT BIENS SE||SUD-OUEST ALIMENT|P5|20200106|Aliment |34,8|0|||20200106|||20200106|BANQUE|
21|CREDIT AGRICOLE PRO|21-8746|20200106|51210000|CREDIT MUTUEL||SUD-OUEST ALIMENT|P5|20200106|Aliment |0|382,8|||20200106|||20200106|BANQUE|
21|CREDIT AGRICOLE PRO|21-8747|20200107|62700000|SERVICES BANCAIRES||BANQUE|P6|20200107|frais banquaires |1,84|0|||20200107|||20200107|BANQUE|
21|CREDIT AGRICOLE PRO|21-8747|20200107|51210000|CREDIT MUTUEL||BANQUE|P6|20200107|frais banquaires |0|1,84|||20200107|||20200107|BANQUE|
21|CREDIT AGRICOLE PRO|21-8748|20200108|21540000|MATERIEL||BANQUE|P7|20200108|retrait pour achat frigo|700|0|||20200108|||20200108|BANQUE|
21|CREDIT AGRICOLE PRO|21-8748|20200108|51210000|CREDIT MUTUEL||BANQUE|P7|20200108|retrait pour achat frigo|0|700|||20200108|||20200108|BANQUE|
21|CREDIT AGRICOLE PRO|21-8749|20200109|60140000|ALIMENTS DU BETAIL||SUD-OUEST ALIMENT|P8|20200109|aliment|280,6|0|||20200109|||20200109|BANQUE|
21|CREDIT AGRICOLE PRO|21-8749|20200109|60660000|PETIT MAT. ET OUTILL||SUD-OUEST ALIMENT|P8|20200109|peson|19,16|0|||20200109|||20200109|BANQUE|
21|CREDIT AGRICOLE PRO|21-8749|20200109|44566000|TVA SUR AUT BIENS SE||SUD-OUEST ALIMENT|P8|20200109|aliment|28,06|0|||20200109|||20200109|BANQUE|
21|CREDIT AGRICOLE PRO|21-8749|20200109|44566000|TVA SUR AUT BIENS SE||SUD-OUEST ALIMENT|P8|20200109|peson|3,83|0|||20200109|||20200109|BANQUE|
21|CREDIT AGRICOLE PRO|21-8749|20200109|51210000|CREDIT MUTUEL||SUD-OUEST ALIMENT|P8|20200109|peson|0|331,65|||20200109|||20200109|BANQUE|
21|CREDIT AGRICOLE PRO|21-8750|20200110|60660000|PETIT MAT. ET OUTILL||LECLERC|P9|20200110|Achat perso|15|0|||20200110|||20200110|BANQUE|
21|CREDIT AGRICOLE PRO|21-8750|20200110|44566000|TVA SUR AUT BIENS SE||LECLERC|P9|20200110|Achat perso|3|0|||20200110|||20200110|BANQUE|
21|CREDIT AGRICOLE PRO|21-8750|20200110|51210000|CREDIT MUTUEL||LECLERC|P9|20200110|Achat perso|0|18|||20200110|||20200110|BANQUE|
21|CREDIT AGRICOLE PRO|21-8751|20200110|60640000|CARBURANTS A LA POMP||LECLERC|P10|20200110|Gasoil|50,01|0|||20200110|||20200110|BANQUE|
21|CREDIT AGRICOLE PRO|21-8751|20200110|44566000|TVA SUR AUT BIENS SE||LECLERC|P10|20200110|Gasoil|10|0|||20200110|||20200110|BANQUE|
21|CREDIT AGRICOLE PRO|21-8751|20200110|51210000|CREDIT MUTUEL||LECLERC|P10|20200110|Gasoil|0|60,01|||20200110|||20200110|BANQUE|
21|CREDIT AGRICOLE PRO|21-8752|20200110|66181000|INTS./DECOUVERT||BANQUE|P11|20200110|Ech Pret majo retard|0,08|0|||20200110|||20200110|BANQUE|
21|CREDIT AGRICOLE PRO|21-8752|20200110|51210000|CREDIT MUTUEL||BANQUE|P11|20200110|Ech Pret majo retard|0|0,08|||20200110|||20200110|BANQUE|
21|CREDIT AGRICOLE PRO|21-8753|20200110|66181000|INTS./DECOUVERT||BANQUE|P12|20200110|Ech Pret int retard|0,04|0|||20200110|||20200110|BANQUE|
21|CREDIT AGRICOLE PRO|21-8753|20200110|51210000|CREDIT MUTUEL||BANQUE|P12|20200110|Ech Pret int retard|0|0,04|||20200110|||20200110|BANQUE|
21|CREDIT AGRICOLE PRO|21-8754|20200110|66130000|INTS EMPRUNTS CT||BANQUE|P13|20200110|Interets|33,12|0|||20200110|||20200110|BANQUE|
21|CREDIT AGRICOLE PRO|21-8754|20200110|51210000|CREDIT MUTUEL||BANQUE|P13|20200110|Interets|0|33,12|||20200110|||20200110|BANQUE|
21|CREDIT AGRICOLE PRO|21-8755|20200114|60530000|TRAV/PRODUITS TRANSF||ABATTOIR|P14 |20200114|Abattage et achat volaill|412,24|0|||20200114|||20200114|BANQUE|
21|CREDIT AGRICOLE PRO|21-8755|20200114|60170000|EMBALLAGES||ABATTOIR|P14 |20200114|sacs emballage|10,42|0|||20200114|||20200114|BANQUE|
21|CREDIT AGRICOLE PRO|21-8755|20200114|44566000|TVA SUR AUT BIENS SE||ABATTOIR|P14 |20200114|Abattage et achat volaill|22,67|0|||20200114|||20200114|BANQUE|
21|CREDIT AGRICOLE PRO|21-8755|20200114|44566000|TVA SUR AUT BIENS SE||ABATTOIR|P14 |20200114|sacs emballage|2,08|0|||20200114|||20200114|BANQUE|
21|CREDIT AGRICOLE PRO|21-8755|20200114|51210000|CREDIT MUTUEL||ABATTOIR|P14 |20200114|sacs emballage|0|447,41|||20200114|||20200114|BANQUE|
21|CREDIT AGRICOLE PRO|21-8756|20200114|10800000|COMPTE DE L EXPLOITA||MOI|P15|20200114|achat perso|34,3|0|||20200114|||20200114|BANQUE|
21|CREDIT AGRICOLE PRO|21-8756|20200114|51210000|CREDIT MUTUEL||MOI|P15|20200114|achat perso|0|34,3|||20200114|||20200114|BANQUE|
21|CREDIT AGRICOLE PRO|21-8757|20200114|60660000|PETIT MAT. ET OUTILL||BRICOMARCHÉ|P16|20200114|Materiel éléctrique|69,67|0|||20200114|||20200114|BANQUE|
21|CREDIT AGRICOLE PRO|21-8757|20200114|44566000|TVA SUR AUT BIENS SE||BRICOMARCHÉ|P16|20200114|Materiel éléctrique|13,93|0|||20200114|||20200114|BANQUE|
21|CREDIT AGRICOLE PRO|21-8757|20200114|51210000|CREDIT MUTUEL||BRICOMARCHÉ|P16|20200114|Materiel éléctrique|0|83,6|||20200114|||20200114|BANQUE|
21|CREDIT AGRICOLE PRO|21-8758|20200114|60660000|PETIT MAT. ET OUTILL||CEF LIBOURNE|P17|20200114|Matériel electrique|107,31|0|||20200114|||20200114|BANQUE|
21|CREDIT AGRICOLE PRO|21-8758|20200114|44566000|TVA SUR AUT BIENS SE||CEF LIBOURNE|P17|20200114|Matériel electrique|21,46|0|||20200114|||20200114|BANQUE|
21|CREDIT AGRICOLE PRO|21-8758|20200114|51210000|CREDIT MUTUEL||CEF LIBOURNE|P17|20200114|Matériel electrique|0|128,77|||20200114|||20200114|BANQUE|
21|CREDIT AGRICOLE PRO|21-8759|20200114|60660000|PETIT MAT. ET OUTILL||EURALIS|P18|20200114|Abreuvoir|12,47|0|||20200114|||20200114|BANQUE|
21|CREDIT AGRICOLE PRO|21-8759|20200114|44566000|TVA SUR AUT BIENS SE||EURALIS|P18|20200114|Abreuvoir|2,5|0|||20200114|||20200114|BANQUE|
21|CREDIT AGRICOLE PRO|21-8759|20200114|51210000|CREDIT MUTUEL||EURALIS|P18|20200114|Abreuvoir|0|14,97|||20200114|||20200114|BANQUE|
21|CREDIT AGRICOLE PRO|21-8760|20200114|60140000|ALIMENTS DU BETAIL||EURALIS|P19|20200114|Aliment|75,18|0|||20200114|||20200114|BANQUE|
21|CREDIT AGRICOLE PRO|21-8760|20200114|44566000|TVA SUR AUT BIENS SE||EURALIS|P19|20200114|Aliment|7,52|0|||20200114|||20200114|BANQUE|
21|CREDIT AGRICOLE PRO|21-8760|20200114|51210000|CREDIT MUTUEL||EURALIS|P19|20200114|Aliment|0|82,7|||20200114|||20200114|BANQUE|
21|CREDIT AGRICOLE PRO|21-8761|20200115|60140000|ALIMENTS DU BETAIL||SUD-OUEST ALIMENT|P20|20200115|Aliment|208,8|0|||20200115|||20200115|BANQUE|
21|CREDIT AGRICOLE PRO|21-8761|20200115|44566000|TVA SUR AUT BIENS SE||SUD-OUEST ALIMENT|P20|20200115|Aliment|20,88|0|||20200115|||20200115|BANQUE|
21|CREDIT AGRICOLE PRO|21-8761|20200115|51210000|CREDIT MUTUEL||SUD-OUEST ALIMENT|P20|20200115|Aliment|0|229,68|||20200115|||20200115|BANQUE|
21|CREDIT AGRICOLE PRO|21-8762|20200116|66181000|INTS./DECOUVERT||BANQUE|P21|20200116|Frais Ech Impayée|20|0|||20200116|||20200116|BANQUE|
21|CREDIT AGRICOLE PRO|21-8762|20200116|51210000|CREDIT MUTUEL||BANQUE|P21|20200116|Frais Ech Impayée|0|20|||20200116|||20200116|BANQUE|
21|CREDIT AGRICOLE PRO|21-8763|20200117|60180000|COMBUSTIBLES||LECLERC|P22|20200117|Gaz|28,58|0|||20200117|||20200117|BANQUE|
21|CREDIT AGRICOLE PRO|21-8763|20200117|44566000|TVA SUR AUT BIENS SE||LECLERC|P22|20200117|Gaz|5,72|0|||20200117|||20200117|BANQUE|
21|CREDIT AGRICOLE PRO|21-8763|20200117|51210000|CREDIT MUTUEL||LECLERC|P22|20200117|Gaz|0|34,3|||20200117|||20200117|BANQUE|
21|CREDIT AGRICOLE PRO|21-8764|20200117|60640000|CARBURANTS A LA POMP||SUPER U|P23|20200117|Gasoil|82,27|0|||20200117|||20200117|BANQUE|
21|CREDIT AGRICOLE PRO|21-8764|20200117|44566000|TVA SUR AUT BIENS SE||SUPER U|P23|20200117|Gasoil|16,45|0|||20200117|||20200117|BANQUE|
21|CREDIT AGRICOLE PRO|21-8764|20200117|51210000|CREDIT MUTUEL||SUPER U|P23|20200117|Gasoil|0|98,72|||20200117|||20200117|BANQUE|
21|CREDIT AGRICOLE PRO|21-8765|20200120|40199999|FOURNISSEURS EXPLOIT||BIO CHENE VERT|P24|20200120|Prelevement salmonelle|44,66|0|B||20200120|||20200120|BANQUE|
21|CREDIT AGRICOLE PRO|21-8765|20200120|51210000|CREDIT MUTUEL||BIO CHENE VERT|P24|20200120|Prelevement salmonelle|0|44,66|||20200120|||20200120|BANQUE|
21|CREDIT AGRICOLE PRO|21-8766|20200120|10800000|COMPTE DE L EXPLOITA||MOI|P25|20200120|Achat perso|34,3|0|||20200120|||20200120|BANQUE|
21|CREDIT AGRICOLE PRO|21-8766|20200120|51210000|CREDIT MUTUEL||MOI|P25|20200120|Achat perso|0|34,3|||20200120|||20200120|BANQUE|
21|CREDIT AGRICOLE PRO|21-8767|20200120|60660000|PETIT MAT. ET OUTILL||IVANTOUT|P26|20200120|Tissu pour stand|29,93|0|||20200120|||20200120|BANQUE|
21|CREDIT AGRICOLE PRO|21-8767|20200120|44566000|TVA SUR AUT BIENS SE||IVANTOUT|P26|20200120|Tissu pour stand|5,99|0|||20200120|||20200120|BANQUE|
21|CREDIT AGRICOLE PRO|21-8767|20200120|51210000|CREDIT MUTUEL||IVANTOUT|P26|20200120|Tissu pour stand|0|35,92|||20200120|||20200120|BANQUE|
21|CREDIT AGRICOLE PRO|21-8768|20200120|60140000|ALIMENTS DU BETAIL||SUD-OUEST ALIMENT|P27|20200120|Aliment|464,85|0|||20200120|||20200120|BANQUE|
21|CREDIT AGRICOLE PRO|21-8768|20200120|60660000|PETIT MAT. ET OUTILL||SUD-OUEST ALIMENT|P27|20200120|Thermometre|15,04|0|||20200120|||20200120|BANQUE|
21|CREDIT AGRICOLE PRO|21-8768|20200120|44566000|TVA SUR AUT BIENS SE||SUD-OUEST ALIMENT|P27|20200120|Aliment|46,49|0|||20200120|||20200120|BANQUE|
21|CREDIT AGRICOLE PRO|21-8768|20200120|44566000|TVA SUR AUT BIENS SE||SUD-OUEST ALIMENT|P27|20200120|Thermometre|3,01|0|||20200120|||20200120|BANQUE|
21|CREDIT AGRICOLE PRO|21-8768|20200120|51210000|CREDIT MUTUEL||SUD-OUEST ALIMENT|P27|20200120|Thermometre|0|529,39|||20200120|||20200120|BANQUE|
21|CREDIT AGRICOLE PRO|21-8769|20200120|60660000|PETIT MAT. ET OUTILL||TOM SANATI|P28|20200120|Barnum|341,67|0|||20200120|||20200120|BANQUE|
21|CREDIT AGRICOLE PRO|21-8769|20200120|44566000|TVA SUR AUT BIENS SE||TOM SANATI|P28|20200120|Barnum|68,33|0|||20200120|||20200120|BANQUE|
21|CREDIT AGRICOLE PRO|21-8769|20200120|51210000|CREDIT MUTUEL||TOM SANATI|P28|20200120|Barnum|0|410|||20200120|||20200120|BANQUE|
22|PRIVE|22-5583|20200120|60230000|FOURNIT ATELIER||BRICOMARCHE|PRIVE1|20200120|cable pour compteur|33,25|0|||20200120|||20200120|BANQUE|
22|PRIVE|22-5583|20200120|44566000|TVA SUR AUT BIENS SE||BRICOMARCHE|PRIVE1|20200120|cable pour compteur|6,65|0|||20200120|||20200120|BANQUE|
22|PRIVE|22-5583|20200120|10800000|COMPTE DE L EXPLOITA||BRICOMARCHE|PRIVE1|20200120|cable pour compteur|0|39,9|||20200120|||20200120|BANQUE|
21|CREDIT AGRICOLE PRO|21-8770|20200121|70200000|VENTES PRODUITS ANIM||CLIENTS|P29|20200121|ventes|0|70,53|||20200121|||20200121|BANQUE|
21|CREDIT AGRICOLE PRO|21-8770|20200121|44571000|TVA COLLECTEE ENCAIS||CLIENTS|P29|20200121|ventes|0|3,87|||20200121|||20200121|BANQUE|
21|CREDIT AGRICOLE PRO|21-8770|20200121|51210000|CREDIT MUTUEL||CLIENTS|P29|20200121|ventes|74,4|0|||20200121|||20200121|BANQUE|
21|CREDIT AGRICOLE PRO|21-8771|20200121|70200000|VENTES PRODUITS ANIM||CLIENTS|P30|20200121|ventes|0|82,28|||20200121|||20200121|BANQUE|
21|CREDIT AGRICOLE PRO|21-8771|20200121|44571000|TVA COLLECTEE ENCAIS||CLIENTS|P30|20200121|ventes|0|4,52|||20200121|||20200121|BANQUE|
21|CREDIT AGRICOLE PRO|21-8771|20200121|51210000|CREDIT MUTUEL||CLIENTS|P30|20200121|ventes|86,8|0|||20200121|||20200121|BANQUE|
21|CREDIT AGRICOLE PRO|21-8772|20200121|70200000|VENTES PRODUITS ANIM||CLIENTS|P31|20200121|ventes|0|198,68|||20200121|||20200121|BANQUE|
21|CREDIT AGRICOLE PRO|21-8772|20200121|44571000|TVA COLLECTEE ENCAIS||CLIENTS|P31|20200121|ventes|0|10,92|||20200121|||20200121|BANQUE|
21|CREDIT AGRICOLE PRO|21-8772|20200121|51210000|CREDIT MUTUEL||CLIENTS|P31|20200121|ventes|209,6|0|||20200121|||20200121|BANQUE|
21|CREDIT AGRICOLE PRO|21-8773|20200121|70200000|VENTES PRODUITS ANIM||CLIENTS|P32|20200121|ventes|0|114,6|||20200121|||20200121|BANQUE|
21|CREDIT AGRICOLE PRO|21-8773|20200121|44571000|TVA COLLECTEE ENCAIS||CLIENTS|P32|20200121|ventes|0|6,3|||20200121|||20200121|BANQUE|
21|CREDIT AGRICOLE PRO|21-8773|20200121|51210000|CREDIT MUTUEL||CLIENTS|P32|20200121|ventes|120,9|0|||20200121|||20200121|BANQUE|
21|CREDIT AGRICOLE PRO|21-8774|20200121|70200000|VENTES PRODUITS ANIM||CLIENTS|P33|20200121|ventes|0|111,76|||20200121|||20200121|BANQUE|
21|CREDIT AGRICOLE PRO|21-8774|20200121|44571000|TVA COLLECTEE ENCAIS||CLIENTS|P33|20200121|ventes|0|6,14|||20200121|||20200121|BANQUE|
21|CREDIT AGRICOLE PRO|21-8774|20200121|51210000|CREDIT MUTUEL||CLIENTS|P33|20200121|ventes|117,9|0|||20200121|||20200121|BANQUE|
21|CREDIT AGRICOLE PRO|21-8775|20200121|70200000|VENTES PRODUITS ANIM||CLIENTS|P34|20200121|ventes|0|246,17|||20200121|||20200121|BANQUE|
21|CREDIT AGRICOLE PRO|21-8775|20200121|44571000|TVA COLLECTEE ENCAIS||CLIENTS|P34|20200121|ventes|0|13,53|||20200121|||20200121|BANQUE|
21|CREDIT AGRICOLE PRO|21-8775|20200121|51210000|CREDIT MUTUEL||CLIENTS|P34|20200121|ventes|259,7|0|||20200121|||20200121|BANQUE|
21|CREDIT AGRICOLE PRO|21-8776|20200121|70200000|VENTES PRODUITS ANIM||CLIENTS|P35|20200121|ventes|0|133,37|||20200121|||20200121|BANQUE|
21|CREDIT AGRICOLE PRO|21-8776|20200121|44571000|TVA COLLECTEE ENCAIS||CLIENTS|P35|20200121|ventes|0|7,33|||20200121|||20200121|BANQUE|
21|CREDIT AGRICOLE PRO|21-8776|20200121|51210000|CREDIT MUTUEL||CLIENTS|P35|20200121|ventes|140,7|0|||20200121|||20200121|BANQUE|
21|CREDIT AGRICOLE PRO|21-8777|20200121|60180000|COMBUSTIBLES||LECLERC|P36|20200121|Gaz|28,58|0|||20200121|||20200121|BANQUE|
21|CREDIT AGRICOLE PRO|21-8777|20200121|44566000|TVA SUR AUT BIENS SE||LECLERC|P36|20200121|Gaz|5,72|0|||20200121|||20200121|BANQUE|
21|CREDIT AGRICOLE PRO|21-8777|20200121|51210000|CREDIT MUTUEL||LECLERC|P36|20200121|Gaz|0|34,3|||20200121|||20200121|BANQUE|
21|CREDIT AGRICOLE PRO|21-8778|20200122|60640000|CARBURANTS A LA POMP||LECLERC|P37|20200122|Gasoil|25|0|||20200122|||20200122|BANQUE|
21|CREDIT AGRICOLE PRO|21-8778|20200122|44566000|TVA SUR AUT BIENS SE||LECLERC|P37|20200122|Gasoil|5|0|||20200122|||20200122|BANQUE|
21|CREDIT AGRICOLE PRO|21-8778|20200122|51210000|CREDIT MUTUEL||LECLERC|P37|20200122|Gasoil|0|30|||20200122|||20200122|BANQUE|
21|CREDIT AGRICOLE PRO|21-8779|20200123|60530000|TRAV/PRODUITS TRANSF||ABATTOIR|P38|20200123|Abattage|78,1|0|||20200123|||20200123|BANQUE|
21|CREDIT AGRICOLE PRO|21-8779|20200123|44566000|TVA SUR AUT BIENS SE||ABATTOIR|P38|20200123|Abattage|4,3|0|||20200123|||20200123|BANQUE|
21|CREDIT AGRICOLE PRO|21-8779|20200123|51210000|CREDIT MUTUEL||ABATTOIR|P38|20200123|Abattage|0|82,4|||20200123|||20200123|BANQUE|
21|CREDIT AGRICOLE PRO|21-8780|20200123|60530000|TRAV/PRODUITS TRANSF||ABATTOIR|P39|20200123|Abattage|48,09|0|||20200123|||20200123|BANQUE|
21|CREDIT AGRICOLE PRO|21-8780|20200123|44566000|TVA SUR AUT BIENS SE||ABATTOIR|P39|20200123|Abattage|2,64|0|||20200123|||20200123|BANQUE|
21|CREDIT AGRICOLE PRO|21-8780|20200123|51210000|CREDIT MUTUEL||ABATTOIR|P39|20200123|Abattage|0|50,73|||20200123|||20200123|BANQUE|
21|CREDIT AGRICOLE PRO|21-8781|20200123|60180000|COMBUSTIBLES||LECLERC|P40|20200123|Gaz|28,58|0|||20200123|||20200123|BANQUE|
21|CREDIT AGRICOLE PRO|21-8781|20200123|44566000|TVA SUR AUT BIENS SE||LECLERC|P40|20200123|Gaz|5,72|0|||20200123|||20200123|BANQUE|
21|CREDIT AGRICOLE PRO|21-8781|20200123|51210000|CREDIT MUTUEL||LECLERC|P40|20200123|Gaz|0|34,3|||20200123|||20200123|BANQUE|
21|CREDIT AGRICOLE PRO|21-8782|20200123|60140000|ALIMENTS DU BETAIL||EURALIS|P41|20200123|Aliment|63,6|0|||20200123|||20200123|BANQUE|
21|CREDIT AGRICOLE PRO|21-8782|20200123|44566000|TVA SUR AUT BIENS SE||EURALIS|P41|20200123|Aliment|6,36|0|||20200123|||20200123|BANQUE|
21|CREDIT AGRICOLE PRO|21-8782|20200123|51210000|CREDIT MUTUEL||EURALIS|P41|20200123|Aliment|0|69,96|||20200123|||20200123|BANQUE|
21|CREDIT AGRICOLE PRO|21-8783|20200123|10800000|COMPTE DE L EXPLOITA||MOI|P42|20200123|Achat perso|20,56|0|||20200123|||20200123|BANQUE|
21|CREDIT AGRICOLE PRO|21-8783|20200123|51210000|CREDIT MUTUEL||MOI|P42|20200123|Achat perso|0|20,56|||20200123|||20200123|BANQUE|
21|CREDIT AGRICOLE PRO|21-8784|20200124|70200000|VENTES PRODUITS ANIM||BANQUE|P43|20200124|Versement especes|0|151,66|||20200124|||20200124|BANQUE|
21|CREDIT AGRICOLE PRO|21-8784|20200124|44571000|TVA COLLECTEE ENCAIS||BANQUE|P43|20200124|Versement especes|0|8,34|||20200124|||20200124|BANQUE|
21|CREDIT AGRICOLE PRO|21-8784|20200124|51210000|CREDIT MUTUEL||BANQUE|P43|20200124|Versement especes|160|0|||20200124|||20200124|BANQUE|
21|CREDIT AGRICOLE PRO|21-8785|20200124|60180000|COMBUSTIBLES||LECLERC|P44|20200124|Gaz|28,58|0|||20200124|||20200124|BANQUE|
21|CREDIT AGRICOLE PRO|21-8785|20200124|44566000|TVA SUR AUT BIENS SE||LECLERC|P44|20200124|Gaz|5,72|0|||20200124|||20200124|BANQUE|
21|CREDIT AGRICOLE PRO|21-8785|20200124|51210000|CREDIT MUTUEL||LECLERC|P44|20200124|Gaz|0|34,3|||20200124|||20200124|BANQUE|
21|CREDIT AGRICOLE PRO|21-8786|20200124|60140000|ALIMENTS DU BETAIL||SUD-OUEST ALIMENT|P45|20200124|Aliment|89,75|0|||20200124|||20200124|BANQUE|
21|CREDIT AGRICOLE PRO|21-8786|20200124|44566000|TVA SUR AUT BIENS SE||SUD-OUEST ALIMENT|P45|20200124|Aliment|8,98|0|||20200124|||20200124|BANQUE|
21|CREDIT AGRICOLE PRO|21-8786|20200124|51210000|CREDIT MUTUEL||SUD-OUEST ALIMENT|P45|20200124|Aliment|0|98,73|||20200124|||20200124|BANQUE|
21|CREDIT AGRICOLE PRO|21-8787|20200127|60180000|COMBUSTIBLES||LECLERC|P46|20200127|Gaz|28,58|0|||20200127|||20200127|BANQUE|
21|CREDIT AGRICOLE PRO|21-8787|20200127|44566000|TVA SUR AUT BIENS SE||LECLERC|P46|20200127|Gaz|5,72|0|||20200127|||20200127|BANQUE|
21|CREDIT AGRICOLE PRO|21-8787|20200127|51210000|CREDIT MUTUEL||LECLERC|P46|20200127|Gaz|0|34,3|||20200127|||20200127|BANQUE|
21|CREDIT AGRICOLE PRO|21-8788|20200127|62510000|VOYAGES ET DEPLACEME||RESTO|P47|20200127|Resto|25|0|||20200127|||20200127|BANQUE|
21|CREDIT AGRICOLE PRO|21-8788|20200127|51210000|CREDIT MUTUEL||RESTO|P47|20200127|Resto|0|25|||20200127|||20200127|BANQUE|
21|CREDIT AGRICOLE PRO|21-8789|20200127|60640000|CARBURANTS A LA POMP||RELAIS LANGON|P48|20200127|gasoil|79,58|0|||20200127|||20200127|BANQUE|
21|CREDIT AGRICOLE PRO|21-8789|20200127|44566000|TVA SUR AUT BIENS SE||RELAIS LANGON|P48|20200127|gasoil|15,92|0|||20200127|||20200127|BANQUE|
21|CREDIT AGRICOLE PRO|21-8789|20200127|51210000|CREDIT MUTUEL||RELAIS LANGON|P48|20200127|gasoil|0|95,5|||20200127|||20200127|BANQUE|
21|CREDIT AGRICOLE PRO|21-8790|20200127|10800000|COMPTE DE L EXPLOITA||MOI|P49|20200127|Achat perso|35,36|0|||20200127|||20200127|BANQUE|
21|CREDIT AGRICOLE PRO|21-8790|20200127|51210000|CREDIT MUTUEL||MOI|P49|20200127|Achat perso|0|35,36|||20200127|||20200127|BANQUE|
21|CREDIT AGRICOLE PRO|21-8791|20200127|60140000|ALIMENTS DU BETAIL||SUD-OUEST ALIMENT|P50|20200127|Aliment|429,13|0|||20200127|||20200127|BANQUE|
21|CREDIT AGRICOLE PRO|21-8791|20200127|44566000|TVA SUR AUT BIENS SE||SUD-OUEST ALIMENT|P50|20200127|Aliment|42,91|0|||20200127|||20200127|BANQUE|
21|CREDIT AGRICOLE PRO|21-8791|20200127|51210000|CREDIT MUTUEL||SUD-OUEST ALIMENT|P50|20200127|Aliment|0|472,04|||20200127|||20200127|BANQUE|
21|CREDIT AGRICOLE PRO|21-8792|20200127|10800000|COMPTE DE L EXPLOITA||MOI|P51|20200127|Achat perso|50|0|||20200127|||20200127|BANQUE|
21|CREDIT AGRICOLE PRO|21-8792|20200127|51210000|CREDIT MUTUEL||MOI|P51|20200127|Achat perso|0|50|||20200127|||20200127|BANQUE|
21|CREDIT AGRICOLE PRO|21-8793|20200127|61680000|ASSUR. AUTRES. (ADI)||PREDICA|P52|20200127|Assu|35,44|0|||20200127|||20200127|BANQUE|
21|CREDIT AGRICOLE PRO|21-8793|20200127|51210000|CREDIT MUTUEL||PREDICA|P52|20200127|Assu|0|35,44|||20200127|||20200127|BANQUE|
21|CREDIT AGRICOLE PRO|21-8794|20200128|60660000|PETIT MAT. ET OUTILL||BANQUE|P53|20200128|Retrait pour glacières|200|0|||20200128|||20200128|BANQUE|
21|CREDIT AGRICOLE PRO|21-8794|20200128|51210000|CREDIT MUTUEL||BANQUE|P53|20200128|Retrait pour glacières|0|200|||20200128|||20200128|BANQUE|
21|CREDIT AGRICOLE PRO|21-8795|20200129|16420000|EMPRUNTS EXPLOITAT. ||BANQUE|P54|20200129|realisation pret|0|8086,34|||20200129|||20200129|BANQUE|
21|CREDIT AGRICOLE PRO|21-8795|20200129|51210000|CREDIT MUTUEL||BANQUE|P54|20200129|realisation pret|8086,34|0|||20200129|||20200129|BANQUE|
21|CREDIT AGRICOLE PRO|21-8796|20200129|60640000|CARBURANTS A LA POMP||LECLERC|P55|20200129|Gasoil|33,33|0|||20200129|||20200129|BANQUE|
21|CREDIT AGRICOLE PRO|21-8796|20200129|44566000|TVA SUR AUT BIENS SE||LECLERC|P55|20200129|Gasoil|6,67|0|||20200129|||20200129|BANQUE|
21|CREDIT AGRICOLE PRO|21-8796|20200129|51210000|CREDIT MUTUEL||LECLERC|P55|20200129|Gasoil|0|40|||20200129|||20200129|BANQUE|
21|CREDIT AGRICOLE PRO|21-8797|20200129|62260000|AUTRES HONORAIRES||BANQUE|P56|20200129|Frais fond de cotion |221,38|0|||20200129|||20200129|BANQUE|
21|CREDIT AGRICOLE PRO|21-8797|20200129|51210000|CREDIT MUTUEL||BANQUE|P56|20200129|Frais fond de cotion |0|221,38|||20200129|||20200129|BANQUE|
21|CREDIT AGRICOLE PRO|21-8798|20200130|10800000|COMPTE DE L EXPLOITA||MOI|P57|20200130|Achat perso|53,84|0|||20200130|||20200130|BANQUE|
21|CREDIT AGRICOLE PRO|21-8798|20200130|51210000|CREDIT MUTUEL||MOI|P57|20200130|Achat perso|0|53,84|||20200130|||20200130|BANQUE|
21|CREDIT AGRICOLE PRO|21-7276|20200201|60140000|ALIMENTS DU BETAIL||SUD-OUEST ALIMENT|P58|20200201|Aliment|429,13|0|||20200201|||20200201|BANQUE|
21|CREDIT AGRICOLE PRO|21-7276|20200201|44566000|TVA SUR AUT BIENS SE||SUD-OUEST ALIMENT|P58|20200201|Aliment|42,91|0|||20200201|||20200201|BANQUE|
21|CREDIT AGRICOLE PRO|21-7276|20200201|51210000|CREDIT MUTUEL||SUD-OUEST ALIMENT|P58|20200201|Aliment|0|472,04|||20200201|||20200201|BANQUE|
21|CREDIT AGRICOLE PRO|21-7277|20200203|60180000|COMBUSTIBLES||LECLERC|P59|20200203|Gaz|28,58|0|||20200203|||20200203|BANQUE|
21|CREDIT AGRICOLE PRO|21-7277|20200203|44566000|TVA SUR AUT BIENS SE||LECLERC|P59|20200203|Gaz|5,72|0|||20200203|||20200203|BANQUE|
21|CREDIT AGRICOLE PRO|21-7277|20200203|51210000|CREDIT MUTUEL||LECLERC|P59|20200203|Gaz|0|34,3|||20200203|||20200203|BANQUE|
21|CREDIT AGRICOLE PRO|21-7278|20200203|10800000|COMPTE DE L EXPLOITA||MOI|P60|20200203|Retrait perso|50|0|||20200203|||20200203|BANQUE|
21|CREDIT AGRICOLE PRO|21-7278|20200203|51210000|CREDIT MUTUEL||MOI|P60|20200203|Retrait perso|0|50|||20200203|||20200203|BANQUE|
21|CREDIT AGRICOLE PRO|21-7279|20200203|10800000|COMPTE DE L EXPLOITA||MOI|P61|20200203|Achat perso|60,1|0|||20200203|||20200203|BANQUE|
21|CREDIT AGRICOLE PRO|21-7279|20200203|51210000|CREDIT MUTUEL||MOI|P61|20200203|Achat perso|0|60,1|||20200203|||20200203|BANQUE|
21|CREDIT AGRICOLE PRO|21-7280|20200203|60640000|CARBURANTS A LA POMP||LECLERC|P62|20200203|Gasoil|41,67|0|||20200203|||20200203|BANQUE|
21|CREDIT AGRICOLE PRO|21-7280|20200203|44566000|TVA SUR AUT BIENS SE||LECLERC|P62|20200203|Gasoil|8,33|0|||20200203|||20200203|BANQUE|
21|CREDIT AGRICOLE PRO|21-7280|20200203|51210000|CREDIT MUTUEL||LECLERC|P62|20200203|Gasoil|0|50|||20200203|||20200203|BANQUE|
21|CREDIT AGRICOLE PRO|21-7281|20200203|10800000|COMPTE DE L EXPLOITA||MOI|P63|20200203|Achat perso|8|0|||20200203|||20200203|BANQUE|
21|CREDIT AGRICOLE PRO|21-7281|20200203|51210000|CREDIT MUTUEL||MOI|P63|20200203|Achat perso|0|8|||20200203|||20200203|BANQUE|
21|CREDIT AGRICOLE PRO|21-7282|20200203|10800000|COMPTE DE L EXPLOITA||MOI|P64|20200203|Achat perso|4|0|||20200203|||20200203|BANQUE|
21|CREDIT AGRICOLE PRO|21-7282|20200203|51210000|CREDIT MUTUEL||MOI|P64|20200203|Achat perso|0|4|||20200203|||20200203|BANQUE|
21|CREDIT AGRICOLE PRO|21-7283|20200203|61680000|ASSUR. AUTRES. (ADI)||PACIFICA|P65|20200203|Coti Assu Accid vie|20,26|0|||20200203|||20200203|BANQUE|
21|CREDIT AGRICOLE PRO|21-7283|20200203|51210000|CREDIT MUTUEL||PACIFICA|P65|20200203|Coti Assu Accid vie|0|20,26|||20200203|||20200203|BANQUE|
21|CREDIT AGRICOLE PRO|21-7284|20200203|60630000|ELECTRICITE||EDF|P66|20200203|Eléctricité|12,04|0|||20200203|||20200203|BANQUE|
21|CREDIT AGRICOLE PRO|21-7284|20200203|44566000|TVA SUR AUT BIENS SE||EDF|P66|20200203|Eléctricité|0,66|0|||20200203|||20200203|BANQUE|
21|CREDIT AGRICOLE PRO|21-7284|20200203|51210000|CREDIT MUTUEL||EDF|P66|20200203|Eléctricité|0|12,7|||20200203|||20200203|BANQUE|
21|CREDIT AGRICOLE PRO|21-7285|20200204|70200000|VENTES PRODUITS ANIM||CLIENTS|P67|20200204|ventes cheques|0|148,63|||20200204|||20200204|BANQUE|
21|CREDIT AGRICOLE PRO|21-7285|20200204|44571000|TVA COLLECTEE ENCAIS||CLIENTS|P67|20200204|ventes cheques|0|8,17|||20200204|||20200204|BANQUE|
21|CREDIT AGRICOLE PRO|21-7285|20200204|51210000|CREDIT MUTUEL||CLIENTS|P67|20200204|ventes cheques|156,8|0|||20200204|||20200204|BANQUE|
21|CREDIT AGRICOLE PRO|21-7286|20200204|70200000|VENTES PRODUITS ANIM||CLIENTS|P68|20200204|ventes cheques|0|302,37|||20200204|||20200204|BANQUE|
21|CREDIT AGRICOLE PRO|21-7286|20200204|44571000|TVA COLLECTEE ENCAIS||CLIENTS|P68|20200204|ventes cheques|0|16,63|||20200204|||20200204|BANQUE|
21|CREDIT AGRICOLE PRO|21-7286|20200204|51210000|CREDIT MUTUEL||CLIENTS|P68|20200204|ventes cheques|319|0|||20200204|||20200204|BANQUE|
21|CREDIT AGRICOLE PRO|21-7287|20200204|70200000|VENTES PRODUITS ANIM||CLIENTS|P69|20200204|ventes especes|0|473,94|||20200204|||20200204|BANQUE|
21|CREDIT AGRICOLE PRO|21-7287|20200204|44571000|TVA COLLECTEE ENCAIS||CLIENTS|P69|20200204|ventes especes|0|26,06|||20200204|||20200204|BANQUE|
21|CREDIT AGRICOLE PRO|21-7287|20200204|51210000|CREDIT MUTUEL||CLIENTS|P69|20200204|ventes especes|500|0|||20200204|||20200204|BANQUE|
21|CREDIT AGRICOLE PRO|21-7288|20200204|10800000|COMPTE DE L EXPLOITA||MOI|P70|20200204|achat perso|51,14|0|||20200204|||20200204|BANQUE|
21|CREDIT AGRICOLE PRO|21-7288|20200204|51210000|CREDIT MUTUEL||MOI|P70|20200204|achat perso|0|51,14|||20200204|||20200204|BANQUE|
21|CREDIT AGRICOLE PRO|21-7289|20200204|61680000|ASSUR. AUTRES. (ADI)||ASSURANCES|P71|20200204|assu pret pro|21,79|0|||20200204|||20200204|BANQUE|
21|CREDIT AGRICOLE PRO|21-7289|20200204|51210000|CREDIT MUTUEL||ASSURANCES|P71|20200204|assu pret pro|0|21,79|||20200204|||20200204|BANQUE|
21|CREDIT AGRICOLE PRO|21-7290|20200205|60180000|COMBUSTIBLES||LECLERC|P72|20200205|gaz|28,58|0|||20200205|||20200205|BANQUE|
21|CREDIT AGRICOLE PRO|21-7290|20200205|44566000|TVA SUR AUT BIENS SE||LECLERC|P72|20200205|gaz|5,72|0|||20200205|||20200205|BANQUE|
21|CREDIT AGRICOLE PRO|21-7290|20200205|51210000|CREDIT MUTUEL||LECLERC|P72|20200205|gaz|0|34,3|||20200205|||20200205|BANQUE|
21|CREDIT AGRICOLE PRO|21-7291|20200205|60180000|COMBUSTIBLES||LECLERC|P73|20200205|gaz|28,58|0|||20200205|||20200205|BANQUE|
21|CREDIT AGRICOLE PRO|21-7291|20200205|44566000|TVA SUR AUT BIENS SE||LECLERC|P73|20200205|gaz|5,72|0|||20200205|||20200205|BANQUE|
21|CREDIT AGRICOLE PRO|21-7291|20200205|51210000|CREDIT MUTUEL||LECLERC|P73|20200205|gaz|0|34,3|||20200205|||20200205|BANQUE|
21|CREDIT AGRICOLE PRO|21-7292|20200207|60530000|TRAV/PRODUITS TRANSF||ABATTOIR|P74|20200207|abattage|140,28|0|||20200207|||20200207|BANQUE|
21|CREDIT AGRICOLE PRO|21-7292|20200207|44566000|TVA SUR AUT BIENS SE||ABATTOIR|P74|20200207|abattage|7,72|0|||20200207|||20200207|BANQUE|
21|CREDIT AGRICOLE PRO|21-7292|20200207|51210000|CREDIT MUTUEL||ABATTOIR|P74|20200207|abattage|0|148|||20200207|||20200207|BANQUE|
21|CREDIT AGRICOLE PRO|21-7293|20200210|60400000|ACHATS D ANIMAUX||ABATTOIR|P75|20200210|achat pintade|13,59|0|||20200210|||20200210|BANQUE|
21|CREDIT AGRICOLE PRO|21-7293|20200210|44566000|TVA SUR AUT BIENS SE||ABATTOIR|P75|20200210|achat pintade|0,75|0|||20200210|||20200210|BANQUE|
21|CREDIT AGRICOLE PRO|21-7293|20200210|51210000|CREDIT MUTUEL||ABATTOIR|P75|20200210|achat pintade|0|14,34|||20200210|||20200210|BANQUE|
21|CREDIT AGRICOLE PRO|21-7294|20200210|60660000|PETIT MAT. ET OUTILL||BRICOMARCHÉ|P76|20200210|visserie|5,5|0|||20200210|||20200210|BANQUE|
21|CREDIT AGRICOLE PRO|21-7294|20200210|44566000|TVA SUR AUT BIENS SE||BRICOMARCHÉ|P76|20200210|visserie|1,1|0|||20200210|||20200210|BANQUE|
21|CREDIT AGRICOLE PRO|21-7294|20200210|51210000|CREDIT MUTUEL||BRICOMARCHÉ|P76|20200210|visserie|0|6,6|||20200210|||20200210|BANQUE|
21|CREDIT AGRICOLE PRO|21-7295|20200210|10800000|COMPTE DE L EXPLOITA||MOI|P77|20200210|achat perso|92,1|0|||20200210|||20200210|BANQUE|
21|CREDIT AGRICOLE PRO|21-7295|20200210|51210000|CREDIT MUTUEL||MOI|P77|20200210|achat perso|0|92,1|||20200210|||20200210|BANQUE|
21|CREDIT AGRICOLE PRO|21-7296|20200210|66130000|INTS EMPRUNTS CT||BANQUE|P78|20200210|ech pret interets|33,12|0|||20200210|||20200210|BANQUE|
21|CREDIT AGRICOLE PRO|21-7296|20200210|51210000|CREDIT MUTUEL||BANQUE|P78|20200210|ech pret interets|0|33,12|||20200210|||20200210|BANQUE|
21|CREDIT AGRICOLE PRO|21-7297|20200211|60140000|ALIMENTS DU BETAIL||SUD-OUEST ALIMENT|P79|20200211|aliment|532,25|0|||20200211|||20200211|BANQUE|
21|CREDIT AGRICOLE PRO|21-7297|20200211|44566000|TVA SUR AUT BIENS SE||SUD-OUEST ALIMENT|P79|20200211|aliment|53,23|0|||20200211|||20200211|BANQUE|
21|CREDIT AGRICOLE PRO|21-7297|20200211|51210000|CREDIT MUTUEL||SUD-OUEST ALIMENT|P79|20200211|aliment|0|585,48|||20200211|||20200211|BANQUE|
21|CREDIT AGRICOLE PRO|21-7298|20200211|60180000|COMBUSTIBLES||LECLERC|P80|20200211|gaz|28,58|0|||20200211|||20200211|BANQUE|
21|CREDIT AGRICOLE PRO|21-7298|20200211|44566000|TVA SUR AUT BIENS SE||LECLERC|P80|20200211|gaz|5,72|0|||20200211|||20200211|BANQUE|
21|CREDIT AGRICOLE PRO|21-7298|20200211|51210000|CREDIT MUTUEL||LECLERC|P80|20200211|gaz|0|34,3|||20200211|||20200211|BANQUE|
21|CREDIT AGRICOLE PRO|21-7299|20200212|10800000|COMPTE DE L EXPLOITA||MOI|P81|20200212|achat perso|15,92|0|||20200212|||20200212|BANQUE|
21|CREDIT AGRICOLE PRO|21-7299|20200212|51210000|CREDIT MUTUEL||MOI|P81|20200212|achat perso|0|15,92|||20200212|||20200212|BANQUE|
22|PRIVE|22-5584|20200212|60660000|PETIT MAT. ET OUTILL||PARTICULIER|PRIVE2|20200212|compteur occasion|100|0|||20200212|||20200212|BANQUE|
22|PRIVE|22-5584|20200212|10800000|COMPTE DE L EXPLOITA||PARTICULIER|PRIVE2|20200212|compteur occasion|0|100|||20200212|||20200212|BANQUE|
21|CREDIT AGRICOLE PRO|21-7300|20200214|60140000|ALIMENTS DU BETAIL||SUD-OUEST ALIMENT|P82|20200214|aliment|619,13|0|||20200214|||20200214|BANQUE|
21|CREDIT AGRICOLE PRO|21-7300|20200214|44566000|TVA SUR AUT BIENS SE||SUD-OUEST ALIMENT|P82|20200214|aliment|61,91|0|||20200214|||20200214|BANQUE|
21|CREDIT AGRICOLE PRO|21-7300|20200214|51210000|CREDIT MUTUEL||SUD-OUEST ALIMENT|P82|20200214|aliment|0|681,04|||20200214|||20200214|BANQUE|
21|CREDIT AGRICOLE PRO|21-7301|20200217|16420000|EMPRUNTS EXPLOITAT. ||BANQUE|P83|20200217|réalisation pret|0|17300|||20200217|||20200217|BANQUE|
21|CREDIT AGRICOLE PRO|21-7301|20200217|51210000|CREDIT MUTUEL||BANQUE|P83|20200217|réalisation pret|17300|0|||20200217|||20200217|BANQUE|
21|CREDIT AGRICOLE PRO|21-7302|20200217|10800000|COMPTE DE L EXPLOITA||MOI|P84|20200217|achat perso|7,6|0|||20200217|||20200217|BANQUE|
21|CREDIT AGRICOLE PRO|21-7302|20200217|51210000|CREDIT MUTUEL||MOI|P84|20200217|achat perso|0|7,6|||20200217|||20200217|BANQUE|
21|CREDIT AGRICOLE PRO|21-7303|20200217|60640000|CARBURANTS A LA POMP||CARREFOUR|P85|20200217|gasoil|42,03|0|||20200217|||20200217|BANQUE|
21|CREDIT AGRICOLE PRO|21-7303|20200217|44566000|TVA SUR AUT BIENS SE||CARREFOUR|P85|20200217|gasoil|8,41|0|||20200217|||20200217|BANQUE|
21|CREDIT AGRICOLE PRO|21-7303|20200217|51210000|CREDIT MUTUEL||CARREFOUR|P85|20200217|gasoil|0|50,44|||20200217|||20200217|BANQUE|
21|CREDIT AGRICOLE PRO|21-7304|20200217|10800000|COMPTE DE L EXPLOITA||MOI|P86|20200217|achat perso|45,6|0|||20200217|||20200217|BANQUE|
21|CREDIT AGRICOLE PRO|21-7304|20200217|51210000|CREDIT MUTUEL||MOI|P86|20200217|achat perso|0|45,6|||20200217|||20200217|BANQUE|
21|CREDIT AGRICOLE PRO|21-7305|20200217|10800000|COMPTE DE L EXPLOITA||MOI|P87|20200217|achat perso|20,75|0|||20200217|||20200217|BANQUE|
21|CREDIT AGRICOLE PRO|21-7305|20200217|51210000|CREDIT MUTUEL||MOI|P87|20200217|achat perso|0|20,75|||20200217|||20200217|BANQUE|
21|CREDIT AGRICOLE PRO|21-7306|20200217|61680000|ASSUR. AUTRES. (ADI)||PACIFICA|P88|20200217|cotisation assu vie|27,5|0|||20200217|||20200217|BANQUE|
21|CREDIT AGRICOLE PRO|21-7306|20200217|51210000|CREDIT MUTUEL||PACIFICA|P88|20200217|cotisation assu vie|0|27,5|||20200217|||20200217|BANQUE|
21|CREDIT AGRICOLE PRO|21-7307|20200218|70200000|VENTES PRODUITS ANIM||CLIENTS|P89|20200218|vente especes|0|379,15|||20200218|||20200218|BANQUE|
21|CREDIT AGRICOLE PRO|21-7307|20200218|44571000|TVA COLLECTEE ENCAIS||CLIENTS|P89|20200218|vente especes|0|20,85|||20200218|||20200218|BANQUE|
21|CREDIT AGRICOLE PRO|21-7307|20200218|51210000|CREDIT MUTUEL||CLIENTS|P89|20200218|vente especes|400|0|||20200218|||20200218|BANQUE|
21|CREDIT AGRICOLE PRO|21-7308|20200218|60400000|ACHATS D ANIMAUX||ABATTOIR|P90|20200218|achat pintade|12,92|0|||20200218|||20200218|BANQUE|
21|CREDIT AGRICOLE PRO|21-7308|20200218|44566000|TVA SUR AUT BIENS SE||ABATTOIR|P90|20200218|achat pintade|0,72|0|||20200218|||20200218|BANQUE|
21|CREDIT AGRICOLE PRO|21-7308|20200218|51210000|CREDIT MUTUEL||ABATTOIR|P90|20200218|achat pintade|0|13,64|||20200218|||20200218|BANQUE|
21|CREDIT AGRICOLE PRO|21-7309|20200218|60640000|CARBURANTS A LA POMP||LECLERC|P91|20200218|gasoil|50|0|||20200218|||20200218|BANQUE|
21|CREDIT AGRICOLE PRO|21-7309|20200218|44566000|TVA SUR AUT BIENS SE||LECLERC|P91|20200218|gasoil|10|0|||20200218|||20200218|BANQUE|
21|CREDIT AGRICOLE PRO|21-7309|20200218|51210000|CREDIT MUTUEL||LECLERC|P91|20200218|gasoil|0|60|||20200218|||20200218|BANQUE|
21|CREDIT AGRICOLE PRO|21-7310|20200218|62260000|AUTRES HONORAIRES||BANQUE|P92|20200218|aquit active commision|302,75|0|||20200218|||20200218|BANQUE|
21|CREDIT AGRICOLE PRO|21-7310|20200218|51210000|CREDIT MUTUEL||BANQUE|P92|20200218|aquit active commision|0|302,75|||20200218|||20200218|BANQUE|
21|CREDIT AGRICOLE PRO|21-7311|20200219|70200000|VENTES PRODUITS ANIM||CLIENTS|P93|20200219|ventes|0|150,91|||20200219|||20200219|BANQUE|
21|CREDIT AGRICOLE PRO|21-7311|20200219|44571000|TVA COLLECTEE ENCAIS||CLIENTS|P93|20200219|ventes|0|8,29|||20200219|||20200219|BANQUE|
21|CREDIT AGRICOLE PRO|21-7311|20200219|51210000|CREDIT MUTUEL||CLIENTS|P93|20200219|ventes|159,2|0|||20200219|||20200219|BANQUE|
21|CREDIT AGRICOLE PRO|21-7312|20200219|70200000|VENTES PRODUITS ANIM||CLIENTS|P94|20200219|ventes|0|111,66|||20200219|||20200219|BANQUE|
21|CREDIT AGRICOLE PRO|21-7312|20200219|44571000|TVA COLLECTEE ENCAIS||CLIENTS|P94|20200219|ventes|0|6,14|||20200219|||20200219|BANQUE|
21|CREDIT AGRICOLE PRO|21-7312|20200219|51210000|CREDIT MUTUEL||CLIENTS|P94|20200219|ventes|117,8|0|||20200219|||20200219|BANQUE|
21|CREDIT AGRICOLE PRO|21-7313|20200219|70200000|VENTES PRODUITS ANIM||CLIENTS|P95|20200219|ventes|0|52,52|||20200219|||20200219|BANQUE|
21|CREDIT AGRICOLE PRO|21-7313|20200219|44571000|TVA COLLECTEE ENCAIS||CLIENTS|P95|20200219|ventes|0|2,88|||20200219|||20200219|BANQUE|
21|CREDIT AGRICOLE PRO|21-7313|20200219|51210000|CREDIT MUTUEL||CLIENTS|P95|20200219|ventes|55,4|0|||20200219|||20200219|BANQUE|
21|CREDIT AGRICOLE PRO|21-7314|20200219|70200000|VENTES PRODUITS ANIM||CLIENTS|P96|20200219|ventes|0|460,57|||20200219|||20200219|BANQUE|
21|CREDIT AGRICOLE PRO|21-7314|20200219|44571000|TVA COLLECTEE ENCAIS||CLIENTS|P96|20200219|ventes|0|25,33|||20200219|||20200219|BANQUE|
21|CREDIT AGRICOLE PRO|21-7314|20200219|51210000|CREDIT MUTUEL||CLIENTS|P96|20200219|ventes|485,9|0|||20200219|||20200219|BANQUE|
21|CREDIT AGRICOLE PRO|21-7315|20200219|70200000|VENTES PRODUITS ANIM||CLIENTS|P97|20200219|ventes|0|132,33|||20200219|||20200219|BANQUE|
21|CREDIT AGRICOLE PRO|21-7315|20200219|44571000|TVA COLLECTEE ENCAIS||CLIENTS|P97|20200219|ventes|0|7,27|||20200219|||20200219|BANQUE|
21|CREDIT AGRICOLE PRO|21-7315|20200219|51210000|CREDIT MUTUEL||CLIENTS|P97|20200219|ventes|139,6|0|||20200219|||20200219|BANQUE|
21|CREDIT AGRICOLE PRO|21-7316|20200219|61680000|ASSUR. AUTRES. (ADI)||PACIFICA|P98|20200219|assurance MR agricole|61,35|0|||20200219|||20200219|BANQUE|
21|CREDIT AGRICOLE PRO|21-7316|20200219|51210000|CREDIT MUTUEL||PACIFICA|P98|20200219|assurance MR agricole|0|61,35|||20200219|||20200219|BANQUE|
21|CREDIT AGRICOLE PRO|21-7317|20200219|21310000|BATIMENTS SUR SOL PR||FONCIER|P99|20200219|achat hangar|17680|0|||20200219|||20200219|BANQUE|
21|CREDIT AGRICOLE PRO|21-7317|20200219|51210000|CREDIT MUTUEL||FONCIER|P99|20200219|achat hangar|0|17680|||20200219|||20200219|BANQUE|
21|CREDIT AGRICOLE PRO|21-7318|20200220|62810000|COTISA PROF PROD VEG||LE GOUT|P100|20200220|adhésion le gout|20|0|||20200220|||20200220|BANQUE|
21|CREDIT AGRICOLE PRO|21-7318|20200220|51210000|CREDIT MUTUEL||LE GOUT|P100|20200220|adhésion le gout|0|20|||20200220|||20200220|BANQUE|
21|CREDIT AGRICOLE PRO|21-7319|20200221|70200000|VENTES PRODUITS ANIM||DRFIP|P101|20200221|Centre impots|0|25|||20200221|||20200221|BANQUE|
21|CREDIT AGRICOLE PRO|21-7319|20200221|51210000|CREDIT MUTUEL||DRFIP|P101|20200221|Centre impots|25|0|||20200221|||20200221|BANQUE|
21|CREDIT AGRICOLE PRO|21-7320|20200221|60530000|TRAV/PRODUITS TRANSF||ABATTOIR|P102|20200221|abattage|140,47|0|||20200221|||20200221|BANQUE|
21|CREDIT AGRICOLE PRO|21-7320|20200221|44566000|TVA SUR AUT BIENS SE||ABATTOIR|P102|20200221|abattage|7,73|0|||20200221|||20200221|BANQUE|
21|CREDIT AGRICOLE PRO|21-7320|20200221|51210000|CREDIT MUTUEL||ABATTOIR|P102|20200221|abattage|0|148,2|||20200221|||20200221|BANQUE|
21|CREDIT AGRICOLE PRO|21-7321|20200221|60140000|ALIMENTS DU BETAIL||SUD-OUEST ALIMENT|P103|20200221|aliment|208,65|0|||20200221|||20200221|BANQUE|
21|CREDIT AGRICOLE PRO|21-7321|20200221|60660000|PETIT MAT. ET OUTILL||SUD-OUEST ALIMENT|P103|20200221|mangeoir |7,93|0|||20200221|||20200221|BANQUE|
21|CREDIT AGRICOLE PRO|21-7321|20200221|44566000|TVA SUR AUT BIENS SE||SUD-OUEST ALIMENT|P103|20200221|aliment|20,87|0|||20200221|||20200221|BANQUE|
21|CREDIT AGRICOLE PRO|21-7321|20200221|44566000|TVA SUR AUT BIENS SE||SUD-OUEST ALIMENT|P103|20200221|mangeoir |1,58|0|||20200221|||20200221|BANQUE|
21|CREDIT AGRICOLE PRO|21-7321|20200221|51210000|CREDIT MUTUEL||SUD-OUEST ALIMENT|P103|20200221|mangeoir |0|239,03|||20200221|||20200221|BANQUE|
21|CREDIT AGRICOLE PRO|21-7322|20200221|60640000|CARBURANTS A LA POMP||SUPER U|P104|20200221|gasoil|75,39|0|||20200221|||20200221|BANQUE|
21|CREDIT AGRICOLE PRO|21-7322|20200221|44566000|TVA SUR AUT BIENS SE||SUPER U|P104|20200221|gasoil|15,08|0|||20200221|||20200221|BANQUE|
21|CREDIT AGRICOLE PRO|21-7322|20200221|51210000|CREDIT MUTUEL||SUPER U|P104|20200221|gasoil|0|90,47|||20200221|||20200221|BANQUE|
21|CREDIT AGRICOLE PRO|21-7323|20200224|62510000|VOYAGES ET DEPLACEME||RESTO|P105|20200224|resto|46,18|0|||20200224|||20200224|BANQUE|
21|CREDIT AGRICOLE PRO|21-7323|20200224|44566000|TVA SUR AUT BIENS SE||RESTO|P105|20200224|resto|4,82|0|||20200224|||20200224|BANQUE|
21|CREDIT AGRICOLE PRO|21-7323|20200224|51210000|CREDIT MUTUEL||RESTO|P105|20200224|resto|0|51|||20200224|||20200224|BANQUE|
21|CREDIT AGRICOLE PRO|21-7324|20200225|60140000|ALIMENTS DU BETAIL||SUD-OUEST ALIMENT|P106|20200225|aliment|349,54|0|||20200225|||20200225|BANQUE|
21|CREDIT AGRICOLE PRO|21-7324|20200225|60660000|PETIT MAT. ET OUTILL||SUD-OUEST ALIMENT|P106|20200225|abreuvoir|24,96|0|||20200225|||20200225|BANQUE|
21|CREDIT AGRICOLE PRO|21-7324|20200225|44566000|TVA SUR AUT BIENS SE||SUD-OUEST ALIMENT|P106|20200225|aliment|34,95|0|||20200225|||20200225|BANQUE|
21|CREDIT AGRICOLE PRO|21-7324|20200225|44566000|TVA SUR AUT BIENS SE||SUD-OUEST ALIMENT|P106|20200225|abreuvoir|4,99|0|||20200225|||20200225|BANQUE|
21|CREDIT AGRICOLE PRO|21-7324|20200225|51210000|CREDIT MUTUEL||SUD-OUEST ALIMENT|P106|20200225|abreuvoir|0|414,44|||20200225|||20200225|BANQUE|
21|CREDIT AGRICOLE PRO|21-7325|20200225|60180000|COMBUSTIBLES||LECLERC|P107|20200225|gaz|28,58|0|||20200225|||20200225|BANQUE|
21|CREDIT AGRICOLE PRO|21-7325|20200225|44566000|TVA SUR AUT BIENS SE||LECLERC|P107|20200225|gaz|5,72|0|||20200225|||20200225|BANQUE|
21|CREDIT AGRICOLE PRO|21-7325|20200225|51210000|CREDIT MUTUEL||LECLERC|P107|20200225|gaz|0|34,3|||20200225|||20200225|BANQUE|
21|CREDIT AGRICOLE PRO|21-7326|20200225|10800000|COMPTE DE L EXPLOITA||MOI|P108|20200225|achat perso|55,07|0|||20200225|||20200225|BANQUE|
21|CREDIT AGRICOLE PRO|21-7326|20200225|51210000|CREDIT MUTUEL||MOI|P108|20200225|achat perso|0|55,07|||20200225|||20200225|BANQUE|
21|CREDIT AGRICOLE PRO|21-7327|20200225|61680000|ASSUR. AUTRES. (ADI)||PREDICA|P109|20200225|assu prot revenus agri|35,44|0|||20200225|||20200225|BANQUE|
21|CREDIT AGRICOLE PRO|21-7327|20200225|51210000|CREDIT MUTUEL||PREDICA|P109|20200225|assu prot revenus agri|0|35,44|||20200225|||20200225|BANQUE|
21|CREDIT AGRICOLE PRO|21-7328|20200226|62620000|TELEPHONE + FAX||LECLERC|P110|20200226|chargeur téléphone|24,92|0|||20200226|||20200226|BANQUE|
21|CREDIT AGRICOLE PRO|21-7328|20200226|44566000|TVA SUR AUT BIENS SE||LECLERC|P110|20200226|chargeur téléphone|4,98|0|||20200226|||20200226|BANQUE|
21|CREDIT AGRICOLE PRO|21-7328|20200226|51210000|CREDIT MUTUEL||LECLERC|P110|20200226|chargeur téléphone|0|29,9|||20200226|||20200226|BANQUE|
21|CREDIT AGRICOLE PRO|21-7329|20200227|10800000|COMPTE DE L EXPLOITA||MOI|P111|20200227|salaire|700|0|||20200227|||20200227|BANQUE|
21|CREDIT AGRICOLE PRO|21-7329|20200227|51210000|CREDIT MUTUEL||MOI|P111|20200227|salaire|0|700|||20200227|||20200227|BANQUE|
21|CREDIT AGRICOLE PRO|21-7432|20200302|10800000|COMPTE DE L EXPLOITA||MOI|P112|20200302|achat perso|29,97|0|||20200302|||20200302|BANQUE|
21|CREDIT AGRICOLE PRO|21-7432|20200302|51210000|CREDIT MUTUEL||MOI|P112|20200302|achat perso|0|29,97|||20200302|||20200302|BANQUE|
21|CREDIT AGRICOLE PRO|21-7433|20200302|60640000|CARBURANTS A LA POMP||SUPER U|P113|20200302|gasoil|70,13|0|||20200302|||20200302|BANQUE|
21|CREDIT AGRICOLE PRO|21-7433|20200302|44566000|TVA SUR AUT BIENS SE||SUPER U|P113|20200302|gasoil|14,02|0|||20200302|||20200302|BANQUE|
21|CREDIT AGRICOLE PRO|21-7433|20200302|51210000|CREDIT MUTUEL||SUPER U|P113|20200302|gasoil|0|84,15|||20200302|||20200302|BANQUE|
21|CREDIT AGRICOLE PRO|21-7434|20200302|61680000|ASSUR. AUTRES. (ADI)||PACIFICA|P114|20200302|coti assu multi risq agri|86,74|0|||20200302|||20200302|BANQUE|
21|CREDIT AGRICOLE PRO|21-7434|20200302|51210000|CREDIT MUTUEL||PACIFICA|P114|20200302|coti assu multi risq agri|0|86,74|||20200302|||20200302|BANQUE|
21|CREDIT AGRICOLE PRO|21-7435|20200303|60140000|ALIMENTS DU BETAIL||SUD-OUEST ALIMENT|P115|20200303|aliment|313,05|0|||20200303|||20200303|BANQUE|
21|CREDIT AGRICOLE PRO|21-7435|20200303|44566000|TVA SUR AUT BIENS SE||SUD-OUEST ALIMENT|P115|20200303|aliment|31,31|0|||20200303|||20200303|BANQUE|
21|CREDIT AGRICOLE PRO|21-7435|20200303|51210000|CREDIT MUTUEL||SUD-OUEST ALIMENT|P115|20200303|aliment|0|344,36|||20200303|||20200303|BANQUE|
21|CREDIT AGRICOLE PRO|21-7436|20200303|61680000|ASSUR. AUTRES. (ADI)||BANQUE|P116|20200303|assu pret pro|21,79|0|||20200303|||20200303|BANQUE|
21|CREDIT AGRICOLE PRO|21-7436|20200303|51210000|CREDIT MUTUEL||BANQUE|P116|20200303|assu pret pro|0|21,79|||20200303|||20200303|BANQUE|
21|CREDIT AGRICOLE PRO|21-7437|20200305|60530000|TRAV/PRODUITS TRANSF||ABATTOIR|P117|20200305|abattage|31,28|0|||20200305|||20200305|BANQUE|
21|CREDIT AGRICOLE PRO|21-7437|20200305|60170000|EMBALLAGES||ABATTOIR|P117|20200305|sacs plastique|20,83|0|||20200305|||20200305|BANQUE|
21|CREDIT AGRICOLE PRO|21-7437|20200305|44566000|TVA SUR AUT BIENS SE||ABATTOIR|P117|20200305|abattage|1,72|0|||20200305|||20200305|BANQUE|
21|CREDIT AGRICOLE PRO|21-7437|20200305|44566000|TVA SUR AUT BIENS SE||ABATTOIR|P117|20200305|sacs plastique|4,17|0|||20200305|||20200305|BANQUE|
21|CREDIT AGRICOLE PRO|21-7437|20200305|51210000|CREDIT MUTUEL||ABATTOIR|P117|20200305|sacs plastique|0|58|||20200305|||20200305|BANQUE|
21|CREDIT AGRICOLE PRO|21-7438|20200305|60530000|TRAV/PRODUITS TRANSF||ABATTOIR|P118|20200305|abattage|234,22|0|||20200305|||20200305|BANQUE|
21|CREDIT AGRICOLE PRO|21-7438|20200305|44566000|TVA SUR AUT BIENS SE||ABATTOIR|P118|20200305|abattage|12,88|0|||20200305|||20200305|BANQUE|
21|CREDIT AGRICOLE PRO|21-7438|20200305|51210000|CREDIT MUTUEL||ABATTOIR|P118|20200305|abattage|0|247,1|||20200305|||20200305|BANQUE|
21|CREDIT AGRICOLE PRO|21-7439|20200306|60220000|PRODUITS ENTRETIEN||TMCE|P119|20200306|assechant sol volailles|43,5|0|||20200306|||20200306|BANQUE|
21|CREDIT AGRICOLE PRO|21-7439|20200306|44566000|TVA SUR AUT BIENS SE||TMCE|P119|20200306|assechant sol volailles|8,7|0|||20200306|||20200306|BANQUE|
21|CREDIT AGRICOLE PRO|21-7439|20200306|51210000|CREDIT MUTUEL||TMCE|P119|20200306|assechant sol volailles|0|52,2|||20200306|||20200306|BANQUE|
21|CREDIT AGRICOLE PRO|21-7440|20200306|10800000|COMPTE DE L EXPLOITA||MOI|P120|20200306|achat perso|55,6|0|||20200306|||20200306|BANQUE|
21|CREDIT AGRICOLE PRO|21-7440|20200306|51210000|CREDIT MUTUEL||MOI|P120|20200306|achat perso|0|55,6|||20200306|||20200306|BANQUE|
21|CREDIT AGRICOLE PRO|21-7441|20200306|62610000|FRAIS POSTAUX||LA POSTE|P121|20200306|envoi test salmonelle|9,75|0|||20200306|||20200306|BANQUE|
21|CREDIT AGRICOLE PRO|21-7441|20200306|44566000|TVA SUR AUT BIENS SE||LA POSTE|P121|20200306|envoi test salmonelle|0,54|0|||20200306|||20200306|BANQUE|
21|CREDIT AGRICOLE PRO|21-7441|20200306|51210000|CREDIT MUTUEL||LA POSTE|P121|20200306|envoi test salmonelle|0|10,29|||20200306|||20200306|BANQUE|
21|CREDIT AGRICOLE PRO|21-7442|20200306|60640000|CARBURANTS A LA POMP||INTERMARCHE|P122|20200306|gasoil|70,45|0|||20200306|||20200306|BANQUE|
21|CREDIT AGRICOLE PRO|21-7442|20200306|44566000|TVA SUR AUT BIENS SE||INTERMARCHE|P122|20200306|gasoil|14,09|0|||20200306|||20200306|BANQUE|
21|CREDIT AGRICOLE PRO|21-7442|20200306|51210000|CREDIT MUTUEL||INTERMARCHE|P122|20200306|gasoil|0|84,54|||20200306|||20200306|BANQUE|
21|CREDIT AGRICOLE PRO|21-7443|20200309|62700000|SERVICES BANCAIRES||BANQUE|P123|20200309|frais tab amort|25,8|0|||20200309|||20200309|BANQUE|
21|CREDIT AGRICOLE PRO|21-7443|20200309|51210000|CREDIT MUTUEL||BANQUE|P123|20200309|frais tab amort|0|25,8|||20200309|||20200309|BANQUE|
21|CREDIT AGRICOLE PRO|21-7444|20200310|16420000|EMPRUNTS EXPLOITAT. ||BANQUE|P124|20200310|realisation pret|0|2316,99|||20200310|||20200310|BANQUE|
21|CREDIT AGRICOLE PRO|21-7444|20200310|51210000|CREDIT MUTUEL||BANQUE|P124|20200310|realisation pret|2316,99|0|||20200310|||20200310|BANQUE|
21|CREDIT AGRICOLE PRO|21-7445|20200310|60140000|ALIMENTS DU BETAIL||SUD-OUEST ALIMENT|P125|20200310|aliment|416,93|0|||20200310|||20200310|BANQUE|
21|CREDIT AGRICOLE PRO|21-7445|20200310|44566000|TVA SUR AUT BIENS SE||SUD-OUEST ALIMENT|P125|20200310|aliment|41,69|0|||20200310|||20200310|BANQUE|
21|CREDIT AGRICOLE PRO|21-7445|20200310|51210000|CREDIT MUTUEL||SUD-OUEST ALIMENT|P125|20200310|aliment|0|458,62|||20200310|||20200310|BANQUE|
21|CREDIT AGRICOLE PRO|21-7446|20200310|60640000|CARBURANTS A LA POMP||INTERMARCHÉ|P126|20200310|gasoil|70,02|0|||20200310|||20200310|BANQUE|
21|CREDIT AGRICOLE PRO|21-7446|20200310|44566000|TVA SUR AUT BIENS SE||INTERMARCHÉ|P126|20200310|gasoil|14,01|0|||20200310|||20200310|BANQUE|
21|CREDIT AGRICOLE PRO|21-7446|20200310|51210000|CREDIT MUTUEL||INTERMARCHÉ|P126|20200310|gasoil|0|84,03|||20200310|||20200310|BANQUE|
21|CREDIT AGRICOLE PRO|21-7447|20200310|66120000|INTS EMPRUNTS LMT||BANQUE|P127|20200310|interets pret|24,23|0|||20200310|||20200310|BANQUE|
21|CREDIT AGRICOLE PRO|21-7447|20200310|51210000|CREDIT MUTUEL||BANQUE|P127|20200310|interets pret|0|24,23|||20200310|||20200310|BANQUE|
21|CREDIT AGRICOLE PRO|21-7448|20200310|66120000|INTS EMPRUNTS LMT||BANQUE|P128|20200310|interets pret|30,99|0|||20200310|||20200310|BANQUE|
21|CREDIT AGRICOLE PRO|21-7448|20200310|51210000|CREDIT MUTUEL||BANQUE|P128|20200310|interets pret|0|30,99|||20200310|||20200310|BANQUE|
21|CREDIT AGRICOLE PRO|21-7449|20200311|70200000|VENTES PRODUITS ANIM||CLIENTS|P129|20200311|ventes|0|111,95|||20200311|||20200311|BANQUE|
21|CREDIT AGRICOLE PRO|21-7449|20200311|44571000|TVA COLLECTEE ENCAIS||CLIENTS|P129|20200311|ventes|0|6,15|||20200311|||20200311|BANQUE|
21|CREDIT AGRICOLE PRO|21-7449|20200311|51210000|CREDIT MUTUEL||CLIENTS|P129|20200311|ventes|118,1|0|||20200311|||20200311|BANQUE|
21|CREDIT AGRICOLE PRO|21-7450|20200311|70200000|VENTES PRODUITS ANIM||CLIENTS|P130|20200311|ventes|0|128,35|||20200311|||20200311|BANQUE|
21|CREDIT AGRICOLE PRO|21-7450|20200311|44571000|TVA COLLECTEE ENCAIS||CLIENTS|P130|20200311|ventes|0|7,05|||20200311|||20200311|BANQUE|
21|CREDIT AGRICOLE PRO|21-7450|20200311|51210000|CREDIT MUTUEL||CLIENTS|P130|20200311|ventes|135,4|0|||20200311|||20200311|BANQUE|
21|CREDIT AGRICOLE PRO|21-7451|20200312|60530000|TRAV/PRODUITS TRANSF||ABATTOIR|P131|20200312|abattage|92,89|0|||20200312|||20200312|BANQUE|
21|CREDIT AGRICOLE PRO|21-7451|20200312|44566000|TVA SUR AUT BIENS SE||ABATTOIR|P131|20200312|abattage|5,11|0|||20200312|||20200312|BANQUE|
21|CREDIT AGRICOLE PRO|21-7451|20200312|51210000|CREDIT MUTUEL||ABATTOIR|P131|20200312|abattage|0|98|||20200312|||20200312|BANQUE|
21|CREDIT AGRICOLE PRO|21-7452|20200312|60140000|ALIMENTS DU BETAIL||SUD-OUEST ALIMENT|P132|20200312|aliment|255,38|0|||20200312|||20200312|BANQUE|
21|CREDIT AGRICOLE PRO|21-7452|20200312|60660000|PETIT MAT. ET OUTILL||SUD-OUEST ALIMENT|P132|20200312|abreuvoir|49,92|0|||20200312|||20200312|BANQUE|
21|CREDIT AGRICOLE PRO|21-7452|20200312|44566000|TVA SUR AUT BIENS SE||SUD-OUEST ALIMENT|P132|20200312|aliment|25,54|0|||20200312|||20200312|BANQUE|
21|CREDIT AGRICOLE PRO|21-7452|20200312|44566000|TVA SUR AUT BIENS SE||SUD-OUEST ALIMENT|P132|20200312|abreuvoir|9,98|0|||20200312|||20200312|BANQUE|
21|CREDIT AGRICOLE PRO|21-7452|20200312|51210000|CREDIT MUTUEL||SUD-OUEST ALIMENT|P132|20200312|abreuvoir|0|340,82|||20200312|||20200312|BANQUE|
21|CREDIT AGRICOLE PRO|21-7453|20200313|70200000|VENTES PRODUITS ANIM||CLIENTS|P133|20200313|ventes|0|284,36|||20200313|||20200313|BANQUE|
21|CREDIT AGRICOLE PRO|21-7453|20200313|44571000|TVA COLLECTEE ENCAIS||CLIENTS|P133|20200313|ventes|0|15,64|||20200313|||20200313|BANQUE|
21|CREDIT AGRICOLE PRO|21-7453|20200313|51210000|CREDIT MUTUEL||CLIENTS|P133|20200313|ventes|300|0|||20200313|||20200313|BANQUE|
21|CREDIT AGRICOLE PRO|21-7454|20200313|10800000|COMPTE DE L EXPLOITA||MOI|P134|20200313|achat perso|10,5|0|||20200313|||20200313|BANQUE|
21|CREDIT AGRICOLE PRO|21-7454|20200313|51210000|CREDIT MUTUEL||MOI|P134|20200313|achat perso|0|10,5|||20200313|||20200313|BANQUE|
21|CREDIT AGRICOLE PRO|21-7455|20200314|70200000|VENTES PRODUITS ANIM||CLIENTS|P135|20200314|ventes|0|303,32|||20200314|||20200314|BANQUE|
21|CREDIT AGRICOLE PRO|21-7455|20200314|44571000|TVA COLLECTEE ENCAIS||CLIENTS|P135|20200314|ventes|0|16,68|||20200314|||20200314|BANQUE|
21|CREDIT AGRICOLE PRO|21-7455|20200314|51210000|CREDIT MUTUEL||CLIENTS|P135|20200314|ventes|320|0|||20200314|||20200314|BANQUE|
21|CREDIT AGRICOLE PRO|21-7456|20200316|10800000|COMPTE DE L EXPLOITA||MOI|P136|20200316|achat perso|31,27|0|||20200316|||20200316|BANQUE|
21|CREDIT AGRICOLE PRO|21-7456|20200316|51210000|CREDIT MUTUEL||MOI|P136|20200316|achat perso|0|31,27|||20200316|||20200316|BANQUE|
21|CREDIT AGRICOLE PRO|21-7457|20200316|10800000|COMPTE DE L EXPLOITA||MOI|P137|20200316|achat perso|97|0|||20200316|||20200316|BANQUE|
21|CREDIT AGRICOLE PRO|21-7457|20200316|51210000|CREDIT MUTUEL||MOI|P137|20200316|achat perso|0|97|||20200316|||20200316|BANQUE|
21|CREDIT AGRICOLE PRO|21-7458|20200316|10800000|COMPTE DE L EXPLOITA||MOI|P138|20200316|achat perso|11,32|0|||20200316|||20200316|BANQUE|
21|CREDIT AGRICOLE PRO|21-7458|20200316|51210000|CREDIT MUTUEL||MOI|P138|20200316|achat perso|0|11,32|||20200316|||20200316|BANQUE|
21|CREDIT AGRICOLE PRO|21-7459|20200316|60640000|CARBURANTS A LA POMP||RELAIS LANGON|P139|20200316|gasoil|25|0|||20200316|||20200316|BANQUE|
21|CREDIT AGRICOLE PRO|21-7459|20200316|44566000|TVA SUR AUT BIENS SE||RELAIS LANGON|P139|20200316|gasoil|5|0|||20200316|||20200316|BANQUE|
21|CREDIT AGRICOLE PRO|21-7459|20200316|51210000|CREDIT MUTUEL||RELAIS LANGON|P139|20200316|gasoil|0|30|||20200316|||20200316|BANQUE|
21|CREDIT AGRICOLE PRO|21-7460|20200316|10800000|COMPTE DE L EXPLOITA||MOI|P140|20200316|achat perso|14,66|0|||20200316|||20200316|BANQUE|
21|CREDIT AGRICOLE PRO|21-7460|20200316|51210000|CREDIT MUTUEL||MOI|P140|20200316|achat perso|0|14,66|||20200316|||20200316|BANQUE|
21|CREDIT AGRICOLE PRO|21-7461|20200316|10800000|COMPTE DE L EXPLOITA||MOI|P141|20200316|achat perso|17,2|0|||20200316|||20200316|BANQUE|
21|CREDIT AGRICOLE PRO|21-7461|20200316|51210000|CREDIT MUTUEL||MOI|P141|20200316|achat perso|0|17,2|||20200316|||20200316|BANQUE|
21|CREDIT AGRICOLE PRO|21-7462|20200316|60140000|ALIMENTS DU BETAIL||SUD-OUEST ALIMENT|P142|20200316|aliment|440,38|0|||20200316|||20200316|BANQUE|
21|CREDIT AGRICOLE PRO|21-7462|20200316|44566000|TVA SUR AUT BIENS SE||SUD-OUEST ALIMENT|P142|20200316|aliment|44,04|0|||20200316|||20200316|BANQUE|
21|CREDIT AGRICOLE PRO|21-7462|20200316|51210000|CREDIT MUTUEL||SUD-OUEST ALIMENT|P142|20200316|aliment|0|484,42|||20200316|||20200316|BANQUE|
21|CREDIT AGRICOLE PRO|21-7463|20200316|61680000|ASSUR. AUTRES. (ADI)||PACIFICA|P143|20200316|cot assu|27,5|0|||20200316|||20200316|BANQUE|
21|CREDIT AGRICOLE PRO|21-7463|20200316|51210000|CREDIT MUTUEL||PACIFICA|P143|20200316|cot assu|0|27,5|||20200316|||20200316|BANQUE|
21|CREDIT AGRICOLE PRO|21-7464|20200317|70200000|VENTES PRODUITS ANIM||CLIENTS|P144|20200317|ventes|0|75,64|||20200317|||20200317|BANQUE|
21|CREDIT AGRICOLE PRO|21-7464|20200317|44571000|TVA COLLECTEE ENCAIS||CLIENTS|P144|20200317|ventes|0|4,16|||20200317|||20200317|BANQUE|
21|CREDIT AGRICOLE PRO|21-7464|20200317|51210000|CREDIT MUTUEL||CLIENTS|P144|20200317|ventes|79,8|0|||20200317|||20200317|BANQUE|
21|CREDIT AGRICOLE PRO|21-7465|20200317|63520000|IMPOTS FONCIERS||VENDEUR FONCIER|P145|20200317|avance sur impot foncier|34,52|0|||20200317|||20200317|BANQUE|
21|CREDIT AGRICOLE PRO|21-7465|20200317|51210000|CREDIT MUTUEL||VENDEUR FONCIER|P145|20200317|avance sur impot foncier|0|34,52|||20200317|||20200317|BANQUE|
21|CREDIT AGRICOLE PRO|21-7466|20200317|10800000|COMPTE DE L EXPLOITA||MOI|P146|20200317|achat perso|3,6|0|||20200317|||20200317|BANQUE|
21|CREDIT AGRICOLE PRO|21-7466|20200317|51210000|CREDIT MUTUEL||MOI|P146|20200317|achat perso|0|3,6|||20200317|||20200317|BANQUE|
21|CREDIT AGRICOLE PRO|21-7467|20200319|62810000|COTISA PROF PROD VEG||INITIATIVE PERI|P147|20200319|suscription IP pret hon|116,76|0|||20200319|||20200319|BANQUE|
21|CREDIT AGRICOLE PRO|21-7467|20200319|51210000|CREDIT MUTUEL||INITIATIVE PERI|P147|20200319|suscription IP pret hon|0|116,76|||20200319|||20200319|BANQUE|
21|CREDIT AGRICOLE PRO|21-7468|20200319|62810000|COTISA PROF PROD VEG||INITIATIVE PERI|P148|20200319|adhésion IP|100|0|||20200319|||20200319|BANQUE|
21|CREDIT AGRICOLE PRO|21-7468|20200319|51210000|CREDIT MUTUEL||INITIATIVE PERI|P148|20200319|adhésion IP|0|100|||20200319|||20200319|BANQUE|
21|CREDIT AGRICOLE PRO|21-7469|20200319|10800000|COMPTE DE L EXPLOITA||MOI|P149|20200319|achat perso|273,6|0|||20200319|||20200319|BANQUE|
21|CREDIT AGRICOLE PRO|21-7469|20200319|51210000|CREDIT MUTUEL||MOI|P149|20200319|achat perso|0|273,6|||20200319|||20200319|BANQUE|
21|CREDIT AGRICOLE PRO|21-7470|20200319|10800000|COMPTE DE L EXPLOITA||MOI|P150|20200319|achat perso|6,9|0|||20200319|||20200319|BANQUE|
21|CREDIT AGRICOLE PRO|21-7470|20200319|51210000|CREDIT MUTUEL||MOI|P150|20200319|achat perso|0|6,9|||20200319|||20200319|BANQUE|
21|CREDIT AGRICOLE PRO|21-7471|20200320|44583000|TVA REMBOURST DEMAND||DGFIP|P151|20200320|remb tva |0|2072|||20200320|||20200320|BANQUE|
21|CREDIT AGRICOLE PRO|21-7471|20200320|51210000|CREDIT MUTUEL||DGFIP|P151|20200320|remb tva |2072|0|||20200320|||20200320|BANQUE|
21|CREDIT AGRICOLE PRO|21-7472|20200323|60640000|CARBURANTS A LA POMP||INTERMARCHÉ|P152|20200323|gasoil|33,37|0|||20200323|||20200323|BANQUE|
21|CREDIT AGRICOLE PRO|21-7472|20200323|44566000|TVA SUR AUT BIENS SE||INTERMARCHÉ|P152|20200323|gasoil|6,67|0|||20200323|||20200323|BANQUE|
21|CREDIT AGRICOLE PRO|21-7472|20200323|51210000|CREDIT MUTUEL||INTERMARCHÉ|P152|20200323|gasoil|0|40,04|||20200323|||20200323|BANQUE|
21|CREDIT AGRICOLE PRO|21-7473|20200323|60140000|ALIMENTS DU BETAIL||SUD-OUEST ALIMENT|P153|20200323|aliment|348|0|||20200323|||20200323|BANQUE|
21|CREDIT AGRICOLE PRO|21-7473|20200323|60250000|FOURNIT PERSON.||SUD-OUEST ALIMENT|P153|20200323|gants nitrile|14,9|0|||20200323|||20200323|BANQUE|
21|CREDIT AGRICOLE PRO|21-7473|20200323|44566000|TVA SUR AUT BIENS SE||SUD-OUEST ALIMENT|P153|20200323|aliment|34,8|0|||20200323|||20200323|BANQUE|
21|CREDIT AGRICOLE PRO|21-7473|20200323|44566000|TVA SUR AUT BIENS SE||SUD-OUEST ALIMENT|P153|20200323|gants nitrile|2,98|0|||20200323|||20200323|BANQUE|
21|CREDIT AGRICOLE PRO|21-7473|20200323|51210000|CREDIT MUTUEL||SUD-OUEST ALIMENT|P153|20200323|gants nitrile|0|400,68|||20200323|||20200323|BANQUE|
21|CREDIT AGRICOLE PRO|21-7474|20200323|10800000|COMPTE DE L EXPLOITA||MOI|P154|20200323|achat perso|22,7|0|||20200323|||20200323|BANQUE|
21|CREDIT AGRICOLE PRO|21-7474|20200323|51210000|CREDIT MUTUEL||MOI|P154|20200323|achat perso|0|22,7|||20200323|||20200323|BANQUE|
21|CREDIT AGRICOLE PRO|21-7475|20200324|70200000|VENTES PRODUITS ANIM||CLIENTS|P155|20200324|ventes|0|201,99|||20200324|||20200324|BANQUE|
21|CREDIT AGRICOLE PRO|21-7475|20200324|44571000|TVA COLLECTEE ENCAIS||CLIENTS|P155|20200324|ventes|0|11,11|||20200324|||20200324|BANQUE|
21|CREDIT AGRICOLE PRO|21-7475|20200324|51210000|CREDIT MUTUEL||CLIENTS|P155|20200324|ventes|213,1|0|||20200324|||20200324|BANQUE|
21|CREDIT AGRICOLE PRO|21-7476|20200324|70200000|VENTES PRODUITS ANIM||CLIENTS|P156|20200324|ventes|0|213,08|||20200324|||20200324|BANQUE|
21|CREDIT AGRICOLE PRO|21-7476|20200324|44571000|TVA COLLECTEE ENCAIS||CLIENTS|P156|20200324|ventes|0|11,72|||20200324|||20200324|BANQUE|
21|CREDIT AGRICOLE PRO|21-7476|20200324|51210000|CREDIT MUTUEL||CLIENTS|P156|20200324|ventes|224,8|0|||20200324|||20200324|BANQUE|
21|CREDIT AGRICOLE PRO|21-7477|20200324|70200000|VENTES PRODUITS ANIM||CLIENTS|P157|20200324|ventes|0|276,12|||20200324|||20200324|BANQUE|
21|CREDIT AGRICOLE PRO|21-7477|20200324|44571000|TVA COLLECTEE ENCAIS||CLIENTS|P157|20200324|ventes|0|15,18|||20200324|||20200324|BANQUE|
21|CREDIT AGRICOLE PRO|21-7477|20200324|51210000|CREDIT MUTUEL||CLIENTS|P157|20200324|ventes|291,3|0|||20200324|||20200324|BANQUE|
21|CREDIT AGRICOLE PRO|21-7478|20200324|70200000|VENTES PRODUITS ANIM||CLIENTS|P158|20200324|ventes|0|248,15|||20200324|||20200324|BANQUE|
21|CREDIT AGRICOLE PRO|21-7478|20200324|44571000|TVA COLLECTEE ENCAIS||CLIENTS|P158|20200324|ventes|0|13,65|||20200324|||20200324|BANQUE|
21|CREDIT AGRICOLE PRO|21-7478|20200324|51210000|CREDIT MUTUEL||CLIENTS|P158|20200324|ventes|261,8|0|||20200324|||20200324|BANQUE|
21|CREDIT AGRICOLE PRO|21-7479|20200324|70200000|VENTES PRODUITS ANIM||CLIENTS|P159|20200324|ventes|0|88,06|||20200324|||20200324|BANQUE|
21|CREDIT AGRICOLE PRO|21-7479|20200324|44571000|TVA COLLECTEE ENCAIS||CLIENTS|P159|20200324|ventes|0|4,84|||20200324|||20200324|BANQUE|
21|CREDIT AGRICOLE PRO|21-7479|20200324|51210000|CREDIT MUTUEL||CLIENTS|P159|20200324|ventes|92,9|0|||20200324|||20200324|BANQUE|
21|CREDIT AGRICOLE PRO|21-7480|20200325|61680000|ASSUR. AUTRES. (ADI)||PREDICA|P160|20200325|assu prelev|35,44|0|||20200325|||20200325|BANQUE|
21|CREDIT AGRICOLE PRO|21-7480|20200325|51210000|CREDIT MUTUEL||PREDICA|P160|20200325|assu prelev|0|35,44|||20200325|||20200325|BANQUE|
21|CREDIT AGRICOLE PRO|21-7481|20200331|60640000|CARBURANTS A LA POMP||INTERMARCHÉ|P161|20200331|gasoil|62,5|0|||20200331|||20200331|BANQUE|
21|CREDIT AGRICOLE PRO|21-7481|20200331|44566000|TVA SUR AUT BIENS SE||INTERMARCHÉ|P161|20200331|gasoil|12,5|0|||20200331|||20200331|BANQUE|
21|CREDIT AGRICOLE PRO|21-7481|20200331|51210000|CREDIT MUTUEL||INTERMARCHÉ|P161|20200331|gasoil|0|75|||20200331|||20200331|BANQUE|
21|CREDIT AGRICOLE PRO|21-7482|20200331|60140000|ALIMENTS DU BETAIL||SUD-OUEST ALIMENT|P162|20200331|aliment|513,38|0|||20200331|||20200331|BANQUE|
21|CREDIT AGRICOLE PRO|21-7482|20200331|44566000|TVA SUR AUT BIENS SE||SUD-OUEST ALIMENT|P162|20200331|aliment|51,34|0|||20200331|||20200331|BANQUE|
21|CREDIT AGRICOLE PRO|21-7482|20200331|51210000|CREDIT MUTUEL||SUD-OUEST ALIMENT|P162|20200331|aliment|0|564,72|||20200331|||20200331|BANQUE|
91|O.D.  CENTRALISAT. TVA|91-2449|20200331|44551000|ETAT TVA A DECAISSER||TVA|TVA|20200331|CA3 (solde) Mars|0|810|||20200331|||20200331||
91|O.D.  CENTRALISAT. TVA|91-2449|20200331|44583000|TVA REMBOURST DEMAND||TVA|TVA|20200331|CA3 (solde) Mars|810|0|||20200331|||20200331||
91|O.D.  CENTRALISAT. TVA|91-2449|20200331|44566000|TVA SUR AUT BIENS SE||TVA|TVA|20200331|TVA DEDUCTIBLE|0|1099,46|||20200331|||20200331||
91|O.D.  CENTRALISAT. TVA|91-2449|20200331|44551000|ETAT TVA A DECAISSER||TVA|TVA|20200331|TVA/VENTES|0|289|||20200331|||20200331||
91|O.D.  CENTRALISAT. TVA|91-2449|20200331|44571000|TVA COLLECTEE ENCAIS||TVA|TVA|20200331|TVA/VENTES|288,75|0|||20200331|||20200331||
91|O.D.  CENTRALISAT. TVA|91-2449|20200331|44551000|ETAT TVA A DECAISSER||TVA|TVA|20200331|TVA DEDUCTIBLE|1099|0|||20200331|||20200331||
91|O.D.  CENTRALISAT. TVA|91-2449|20200331|65800000|CHARG.GEST.COUR(ARRO||TVA|TVA|20200331|Ajustement arrondi|0,71|0|||20200331|||20200331||
21|CREDIT AGRICOLE PRO|21-6091|20200401|61680000|ASSUR. AUTRES. (ADI)||PACIFICA ASSU|P163|20200401|Cotisation multirisque|86,74|0|||20200401|||20200401|BANQUE|
21|CREDIT AGRICOLE PRO|21-6091|20200401|51210000|CREDIT MUTUEL||PACIFICA ASSU|P163|20200401|Cotisation multirisque|0|86,74|||20200401|||20200401|BANQUE|
21|CREDIT AGRICOLE PRO|21-6092|20200402|62700000|SERVICES BANCAIRES||CREDIT AGRICOLE|P164|20200402|Assu prêt pro|21,79|0|||20200402|||20200402|BANQUE|
21|CREDIT AGRICOLE PRO|21-6092|20200402|51210000|CREDIT MUTUEL||CREDIT AGRICOLE|P164|20200402|Assu prêt pro|0|21,79|||20200402|||20200402|BANQUE|
21|CREDIT AGRICOLE PRO|21-6093|20200406|60640000|CARBURANTS A LA POMP||LECLERC|P165|20200406|Gasoil|62,5|0|||20200406|||20200406|BANQUE|
21|CREDIT AGRICOLE PRO|21-6093|20200406|44566000|TVA SUR AUT BIENS SE||LECLERC|P165|20200406|Gasoil|12,5|0|||20200406|||20200406|BANQUE|
21|CREDIT AGRICOLE PRO|21-6093|20200406|51210000|CREDIT MUTUEL||LECLERC|P165|20200406|Gasoil|0|75|||20200406|||20200406|BANQUE|
21|CREDIT AGRICOLE PRO|21-6094|20200406|66120000|INTS EMPRUNTS LMT||BANQUE|P166|20200406|Intererets débit|46,91|0|||20200406|||20200406|BANQUE|
21|CREDIT AGRICOLE PRO|21-6094|20200406|51210000|CREDIT MUTUEL||BANQUE|P166|20200406|Intererets débit|0|46,91|||20200406|||20200406|BANQUE|
21|CREDIT AGRICOLE PRO|21-6095|20200408|60140000|ALIMENTS DU BETAIL||SUD-OUEST ALIMENT|P167|20200408|Aliment|429,13|0|||20200408|||20200408|BANQUE|
21|CREDIT AGRICOLE PRO|21-6095|20200408|44566000|TVA SUR AUT BIENS SE||SUD-OUEST ALIMENT|P167|20200408|Aliment|42,91|0|||20200408|||20200408|BANQUE|
21|CREDIT AGRICOLE PRO|21-6095|20200408|51210000|CREDIT MUTUEL||SUD-OUEST ALIMENT|P167|20200408|Aliment|0|472,04|||20200408|||20200408|BANQUE|
21|CREDIT AGRICOLE PRO|21-6096|20200410|60170000|EMBALLAGES||CENPAC|P168|20200410|Emballages|304,87|0|||20200410|||20200410|BANQUE|
21|CREDIT AGRICOLE PRO|21-6096|20200410|44566000|TVA SUR AUT BIENS SE||CENPAC|P168|20200410|Emballages|60,98|0|||20200410|||20200410|BANQUE|
21|CREDIT AGRICOLE PRO|21-6096|20200410|51210000|CREDIT MUTUEL||CENPAC|P168|20200410|Emballages|0|365,85|||20200410|||20200410|BANQUE|
21|CREDIT AGRICOLE PRO|21-6097|20200410|60660000|PETIT MAT. ET OUTILL||MASSON ET FILS WEB|P169|20200410|Matériel divers|257,88|0|||20200410|||20200410|BANQUE|
21|CREDIT AGRICOLE PRO|21-6097|20200410|44566000|TVA SUR AUT BIENS SE||MASSON ET FILS WEB|P169|20200410|Matériel divers|51,57|0|||20200410|||20200410|BANQUE|
21|CREDIT AGRICOLE PRO|21-6097|20200410|51210000|CREDIT MUTUEL||MASSON ET FILS WEB|P169|20200410|Matériel divers|0|309,45|||20200410|||20200410|BANQUE|
21|CREDIT AGRICOLE PRO|21-6098|20200410|66120000|INTS EMPRUNTS LMT||BANQUE|P170|20200410|Ech Interets emprunt|28,11|0|||20200410|||20200410|BANQUE|
21|CREDIT AGRICOLE PRO|21-6098|20200410|51210000|CREDIT MUTUEL||BANQUE|P170|20200410|Ech Interets emprunt|0|28,11|||20200410|||20200410|BANQUE|
21|CREDIT AGRICOLE PRO|21-6099|20200410|66120000|INTS EMPRUNTS LMT||BANQUE|P171|20200410|Ech Interets emprunt|33,12|0|||20200410|||20200410|BANQUE|
21|CREDIT AGRICOLE PRO|21-6099|20200410|51210000|CREDIT MUTUEL||BANQUE|P171|20200410|Ech Interets emprunt|0|33,12|||20200410|||20200410|BANQUE|
21|CREDIT AGRICOLE PRO|21-6100|20200414|70200000|VENTES PRODUITS ANIM||BANQUE|P172|20200414|remise cheque|0|194,12|||20200414|||20200414|BANQUE|
21|CREDIT AGRICOLE PRO|21-6100|20200414|44571000|TVA COLLECTEE ENCAIS||BANQUE|P172|20200414|remise cheque|0|10,68|||20200414|||20200414|BANQUE|
21|CREDIT AGRICOLE PRO|21-6100|20200414|51210000|CREDIT MUTUEL||BANQUE|P172|20200414|remise cheque|204,8|0|||20200414|||20200414|BANQUE|
21|CREDIT AGRICOLE PRO|21-6101|20200414|70200000|VENTES PRODUITS ANIM||BANQUE|P173|20200414|remise cheque|0|570,73|||20200414|||20200414|BANQUE|
21|CREDIT AGRICOLE PRO|21-6101|20200414|44571000|TVA COLLECTEE ENCAIS||BANQUE|P173|20200414|remise cheque|0|31,38|||20200414|||20200414|BANQUE|
21|CREDIT AGRICOLE PRO|21-6101|20200414|51210000|CREDIT MUTUEL||BANQUE|P173|20200414|remise cheque|602,11|0|||20200414|||20200414|BANQUE|
21|CREDIT AGRICOLE PRO|21-6102|20200414|70200000|VENTES PRODUITS ANIM||BANQUE|P174|20200414|remise cheque|0|460,28|||20200414|||20200414|BANQUE|
21|CREDIT AGRICOLE PRO|21-6102|20200414|44571000|TVA COLLECTEE ENCAIS||BANQUE|P174|20200414|remise cheque|0|25,32|||20200414|||20200414|BANQUE|
21|CREDIT AGRICOLE PRO|21-6102|20200414|51210000|CREDIT MUTUEL||BANQUE|P174|20200414|remise cheque|485,6|0|||20200414|||20200414|BANQUE|
21|CREDIT AGRICOLE PRO|21-6103|20200414|70200000|VENTES PRODUITS ANIM||BANQUE|P175|20200414|remise cheque|0|76,39|||20200414|||20200414|BANQUE|
21|CREDIT AGRICOLE PRO|21-6103|20200414|44571000|TVA COLLECTEE ENCAIS||BANQUE|P175|20200414|remise cheque|0|4,21|||20200414|||20200414|BANQUE|
21|CREDIT AGRICOLE PRO|21-6103|20200414|51210000|CREDIT MUTUEL||BANQUE|P175|20200414|remise cheque|80,6|0|||20200414|||20200414|BANQUE|
21|CREDIT AGRICOLE PRO|21-6104|20200414|70200000|VENTES PRODUITS ANIM||BANQUE|P176|20200414|remise cheque|0|198,67|||20200414|||20200414|BANQUE|
21|CREDIT AGRICOLE PRO|21-6104|20200414|44571000|TVA COLLECTEE ENCAIS||BANQUE|P176|20200414|remise cheque|0|10,93|||20200414|||20200414|BANQUE|
21|CREDIT AGRICOLE PRO|21-6104|20200414|51210000|CREDIT MUTUEL||BANQUE|P176|20200414|remise cheque|209,6|0|||20200414|||20200414|BANQUE|
21|CREDIT AGRICOLE PRO|21-6105|20200414|70200000|VENTES PRODUITS ANIM||BANQUE|P177|20200414|remise cheque|0|147,68|||20200414|||20200414|BANQUE|
21|CREDIT AGRICOLE PRO|21-6105|20200414|44571000|TVA COLLECTEE ENCAIS||BANQUE|P177|20200414|remise cheque|0|8,12|||20200414|||20200414|BANQUE|
21|CREDIT AGRICOLE PRO|21-6105|20200414|51210000|CREDIT MUTUEL||BANQUE|P177|20200414|remise cheque|155,8|0|||20200414|||20200414|BANQUE|
21|CREDIT AGRICOLE PRO|21-6106|20200414|70200000|VENTES PRODUITS ANIM||BANQUE|P178|20200414|remise cheque|0|103,6|||20200414|||20200414|BANQUE|
21|CREDIT AGRICOLE PRO|21-6106|20200414|44571000|TVA COLLECTEE ENCAIS||BANQUE|P178|20200414|remise cheque|0|5,7|||20200414|||20200414|BANQUE|
21|CREDIT AGRICOLE PRO|21-6106|20200414|51210000|CREDIT MUTUEL||BANQUE|P178|20200414|remise cheque|109,3|0|||20200414|||20200414|BANQUE|
21|CREDIT AGRICOLE PRO|21-6107|20200414|70200000|VENTES PRODUITS ANIM||BANQUE|P179|20200414|remise cheque|0|222,08|||20200414|||20200414|BANQUE|
21|CREDIT AGRICOLE PRO|21-6107|20200414|44571000|TVA COLLECTEE ENCAIS||BANQUE|P179|20200414|remise cheque|0|12,22|||20200414|||20200414|BANQUE|
21|CREDIT AGRICOLE PRO|21-6107|20200414|51210000|CREDIT MUTUEL||BANQUE|P179|20200414|remise cheque|234,3|0|||20200414|||20200414|BANQUE|
21|CREDIT AGRICOLE PRO|21-6108|20200414|70200000|VENTES PRODUITS ANIM||BANQUE|P200|20200414|remise cheque|0|202,74|||20200414|||20200414|BANQUE|
21|CREDIT AGRICOLE PRO|21-6108|20200414|44571000|TVA COLLECTEE ENCAIS||BANQUE|P200|20200414|remise cheque|0|11,16|||20200414|||20200414|BANQUE|
21|CREDIT AGRICOLE PRO|21-6108|20200414|51210000|CREDIT MUTUEL||BANQUE|P200|20200414|remise cheque|213,9|0|||20200414|||20200414|BANQUE|
21|CREDIT AGRICOLE PRO|21-6109|20200414|70200000|VENTES PRODUITS ANIM||BANQUE|P201|20200414|depot especes|0|957,34|||20200414|||20200414|BANQUE|
21|CREDIT AGRICOLE PRO|21-6109|20200414|44571000|TVA COLLECTEE ENCAIS||BANQUE|P201|20200414|depot especes|0|52,66|||20200414|||20200414|BANQUE|
21|CREDIT AGRICOLE PRO|21-6109|20200414|51210000|CREDIT MUTUEL||BANQUE|P201|20200414|depot especes|1010|0|||20200414|||20200414|BANQUE|
21|CREDIT AGRICOLE PRO|21-6110|20200414|10800000|COMPTE DE L EXPLOITA||PERSO|P203|20200414|achats|5,99|0|||20200414|||20200414|BANQUE|
21|CREDIT AGRICOLE PRO|21-6110|20200414|51210000|CREDIT MUTUEL||PERSO|P203|20200414|achats|0|5,99|||20200414|||20200414|BANQUE|
21|CREDIT AGRICOLE PRO|21-6111|20200415|60640000|CARBURANTS A LA POMP||INTERMARCHÉ|P205|20200415|gasoil|60,45|0|||20200415|||20200415|BANQUE|
21|CREDIT AGRICOLE PRO|21-6111|20200415|44566000|TVA SUR AUT BIENS SE||INTERMARCHÉ|P205|20200415|gasoil|12,09|0|||20200415|||20200415|BANQUE|
21|CREDIT AGRICOLE PRO|21-6111|20200415|51210000|CREDIT MUTUEL||INTERMARCHÉ|P205|20200415|gasoil|0|72,54|||20200415|||20200415|BANQUE|
21|CREDIT AGRICOLE PRO|21-6112|20200415|60140000|ALIMENTS DU BETAIL||SUD-OUEST ALIMENT|P206|20200415|aliment|429,13|0|||20200415|||20200415|BANQUE|
21|CREDIT AGRICOLE PRO|21-6112|20200415|44566000|TVA SUR AUT BIENS SE||SUD-OUEST ALIMENT|P206|20200415|aliment|42,91|0|||20200415|||20200415|BANQUE|
21|CREDIT AGRICOLE PRO|21-6112|20200415|51210000|CREDIT MUTUEL||SUD-OUEST ALIMENT|P206|20200415|aliment|0|472,04|||20200415|||20200415|BANQUE|
21|CREDIT AGRICOLE PRO|21-6113|20200415|60660000|PETIT MAT. ET OUTILL||UFS|P207|20200415|petit matériel|82,81|0|||20200415|||20200415|BANQUE|
21|CREDIT AGRICOLE PRO|21-6113|20200415|44566000|TVA SUR AUT BIENS SE||UFS|P207|20200415|petit matériel|16,56|0|||20200415|||20200415|BANQUE|
21|CREDIT AGRICOLE PRO|21-6113|20200415|51210000|CREDIT MUTUEL||UFS|P207|20200415|petit matériel|0|99,37|||20200415|||20200415|BANQUE|
21|CREDIT AGRICOLE PRO|21-6114|20200415|61680000|ASSUR. AUTRES. (ADI)||PACIFICA ASSU|P208|20200415|cotisation assu acc vie|27,5|0|||20200415|||20200415|BANQUE|
21|CREDIT AGRICOLE PRO|21-6114|20200415|51210000|CREDIT MUTUEL||PACIFICA ASSU|P208|20200415|cotisation assu acc vie|0|27,5|||20200415|||20200415|BANQUE|
21|CREDIT AGRICOLE PRO|21-6115|20200416|60400000|ACHATS D ANIMAUX||MISSON|P209|20200416|achats volailles|300|0|||20200416|||20200416|BANQUE|
21|CREDIT AGRICOLE PRO|21-6115|20200416|44566000|TVA SUR AUT BIENS SE||MISSON|P209|20200416|achats volailles|30|0|||20200416|||20200416|BANQUE|
21|CREDIT AGRICOLE PRO|21-6115|20200416|51210000|CREDIT MUTUEL||MISSON|P209|20200416|achats volailles|0|330|||20200416|||20200416|BANQUE|
21|CREDIT AGRICOLE PRO|21-6116|20200420|60640000|CARBURANTS A LA POMP||LECLERC|P210|20200420|gasoil|60,84|0|||20200420|||20200420|BANQUE|
21|CREDIT AGRICOLE PRO|21-6116|20200420|44566000|TVA SUR AUT BIENS SE||LECLERC|P210|20200420|gasoil|12,17|0|||20200420|||20200420|BANQUE|
21|CREDIT AGRICOLE PRO|21-6116|20200420|51210000|CREDIT MUTUEL||LECLERC|P210|20200420|gasoil|0|73,01|||20200420|||20200420|BANQUE|
21|CREDIT AGRICOLE PRO|21-6117|20200421|70200000|VENTES PRODUITS ANIM||BANQUE|P211|20200421|remise cheque|0|221,49|||20200421|||20200421|BANQUE|
21|CREDIT AGRICOLE PRO|21-6117|20200421|44571000|TVA COLLECTEE ENCAIS||BANQUE|P211|20200421|remise cheque|0|12,18|||20200421|||20200421|BANQUE|
21|CREDIT AGRICOLE PRO|21-6117|20200421|51210000|CREDIT MUTUEL||BANQUE|P211|20200421|remise cheque|233,67|0|||20200421|||20200421|BANQUE|
21|CREDIT AGRICOLE PRO|21-6118|20200421|70200000|VENTES PRODUITS ANIM||BANQUE|P212|20200421|remise cheque|0|97,25|||20200421|||20200421|BANQUE|
21|CREDIT AGRICOLE PRO|21-6118|20200421|44571000|TVA COLLECTEE ENCAIS||BANQUE|P212|20200421|remise cheque|0|5,35|||20200421|||20200421|BANQUE|
21|CREDIT AGRICOLE PRO|21-6118|20200421|51210000|CREDIT MUTUEL||BANQUE|P212|20200421|remise cheque|102,6|0|||20200421|||20200421|BANQUE|
21|CREDIT AGRICOLE PRO|21-6119|20200421|70200000|VENTES PRODUITS ANIM||BANQUE|P213|20200421|remise cheque|0|119,81|||20200421|||20200421|BANQUE|
21|CREDIT AGRICOLE PRO|21-6119|20200421|44571000|TVA COLLECTEE ENCAIS||BANQUE|P213|20200421|remise cheque|0|6,59|||20200421|||20200421|BANQUE|
21|CREDIT AGRICOLE PRO|21-6119|20200421|51210000|CREDIT MUTUEL||BANQUE|P213|20200421|remise cheque|126,4|0|||20200421|||20200421|BANQUE|
21|CREDIT AGRICOLE PRO|21-6120|20200421|70200000|VENTES PRODUITS ANIM||BANQUE|P214|20200421|remise cheque|0|107,56|||20200421|||20200421|BANQUE|
21|CREDIT AGRICOLE PRO|21-6120|20200421|44571000|TVA COLLECTEE ENCAIS||BANQUE|P214|20200421|remise cheque|0|5,92|||20200421|||20200421|BANQUE|
21|CREDIT AGRICOLE PRO|21-6120|20200421|51210000|CREDIT MUTUEL||BANQUE|P214|20200421|remise cheque|113,48|0|||20200421|||20200421|BANQUE|
21|CREDIT AGRICOLE PRO|21-6121|20200421|70200000|VENTES PRODUITS ANIM||BANQUE|P215|20200421|remise cheque|0|108,54|||20200421|||20200421|BANQUE|
21|CREDIT AGRICOLE PRO|21-6121|20200421|44571000|TVA COLLECTEE ENCAIS||BANQUE|P215|20200421|remise cheque|0|5,96|||20200421|||20200421|BANQUE|
21|CREDIT AGRICOLE PRO|21-6121|20200421|51210000|CREDIT MUTUEL||BANQUE|P215|20200421|remise cheque|114,5|0|||20200421|||20200421|BANQUE|
21|CREDIT AGRICOLE PRO|21-6122|20200421|70200000|VENTES PRODUITS ANIM||BANQUE|P216|20200421|remise cheque|0|90,24|||20200421|||20200421|BANQUE|
21|CREDIT AGRICOLE PRO|21-6122|20200421|44571000|TVA COLLECTEE ENCAIS||BANQUE|P216|20200421|remise cheque|0|4,96|||20200421|||20200421|BANQUE|
21|CREDIT AGRICOLE PRO|21-6122|20200421|51210000|CREDIT MUTUEL||BANQUE|P216|20200421|remise cheque|95,2|0|||20200421|||20200421|BANQUE|
21|CREDIT AGRICOLE PRO|21-6123|20200421|70200000|VENTES PRODUITS ANIM||BANQUE|P217|20200421|remise cheque|0|232|||20200421|||20200421|BANQUE|
21|CREDIT AGRICOLE PRO|21-6123|20200421|44571000|TVA COLLECTEE ENCAIS||BANQUE|P217|20200421|remise cheque|0|12,76|||20200421|||20200421|BANQUE|
21|CREDIT AGRICOLE PRO|21-6123|20200421|51210000|CREDIT MUTUEL||BANQUE|P217|20200421|remise cheque|244,76|0|||20200421|||20200421|BANQUE|
21|CREDIT AGRICOLE PRO|21-6124|20200421|70200000|VENTES PRODUITS ANIM||BANQUE|P218|20200421|remise cheque|0|186,92|||20200421|||20200421|BANQUE|
21|CREDIT AGRICOLE PRO|21-6124|20200421|44571000|TVA COLLECTEE ENCAIS||BANQUE|P218|20200421|remise cheque|0|10,28|||20200421|||20200421|BANQUE|
21|CREDIT AGRICOLE PRO|21-6124|20200421|51210000|CREDIT MUTUEL||BANQUE|P218|20200421|remise cheque|197,2|0|||20200421|||20200421|BANQUE|
21|CREDIT AGRICOLE PRO|21-6125|20200421|70200000|VENTES PRODUITS ANIM||BANQUE|P219|20200421|remise cheque|0|270,15|||20200421|||20200421|BANQUE|
21|CREDIT AGRICOLE PRO|21-6125|20200421|44571000|TVA COLLECTEE ENCAIS||BANQUE|P219|20200421|remise cheque|0|14,85|||20200421|||20200421|BANQUE|
21|CREDIT AGRICOLE PRO|21-6125|20200421|51210000|CREDIT MUTUEL||BANQUE|P219|20200421|remise cheque|285|0|||20200421|||20200421|BANQUE|
21|CREDIT AGRICOLE PRO|21-6126|20200421|70200000|VENTES PRODUITS ANIM||BANQUE|P220|20200421|remise cheque|0|46,55|||20200421|||20200421|BANQUE|
21|CREDIT AGRICOLE PRO|21-6126|20200421|44571000|TVA COLLECTEE ENCAIS||BANQUE|P220|20200421|remise cheque|0|2,55|||20200421|||20200421|BANQUE|
21|CREDIT AGRICOLE PRO|21-6126|20200421|51210000|CREDIT MUTUEL||BANQUE|P220|20200421|remise cheque|49,1|0|||20200421|||20200421|BANQUE|
21|CREDIT AGRICOLE PRO|21-6127|20200421|70200000|VENTES PRODUITS ANIM||BANQUE|P221|20200421|depot especes|0|786,73|||20200421|||20200421|BANQUE|
21|CREDIT AGRICOLE PRO|21-6127|20200421|44571000|TVA COLLECTEE ENCAIS||BANQUE|P221|20200421|depot especes|0|43,27|||20200421|||20200421|BANQUE|
21|CREDIT AGRICOLE PRO|21-6127|20200421|51210000|CREDIT MUTUEL||BANQUE|P221|20200421|depot especes|830|0|||20200421|||20200421|BANQUE|
21|CREDIT AGRICOLE PRO|21-6128|20200421|76100000|PRODUITS PARTICIPATI||BANQUE|P222|20200421|interets parts sociales|0|0,07|||20200421|||20200421|BANQUE|
21|CREDIT AGRICOLE PRO|21-6128|20200421|51210000|CREDIT MUTUEL||BANQUE|P222|20200421|interets parts sociales|0,07|0|||20200421|||20200421|BANQUE|
21|CREDIT AGRICOLE PRO|21-6129|20200424|60140000|ALIMENTS DU BETAIL||SUD-OUEST ALIMENT|P223|20200424|aliment|359,63|0|||20200424|||20200424|BANQUE|
21|CREDIT AGRICOLE PRO|21-6129|20200424|44566000|TVA SUR AUT BIENS SE||SUD-OUEST ALIMENT|P223|20200424|aliment|35,96|0|||20200424|||20200424|BANQUE|
21|CREDIT AGRICOLE PRO|21-6129|20200424|51210000|CREDIT MUTUEL||SUD-OUEST ALIMENT|P223|20200424|aliment|0|395,59|||20200424|||20200424|BANQUE|
21|CREDIT AGRICOLE PRO|21-6130|20200427|60640000|CARBURANTS A LA POMP||INTERMARCHÉ|P224|20200427|gasoil|58,33|0|||20200427|||20200427|BANQUE|
21|CREDIT AGRICOLE PRO|21-6130|20200427|44566000|TVA SUR AUT BIENS SE||INTERMARCHÉ|P224|20200427|gasoil|11,67|0|||20200427|||20200427|BANQUE|
21|CREDIT AGRICOLE PRO|21-6130|20200427|51210000|CREDIT MUTUEL||INTERMARCHÉ|P224|20200427|gasoil|0|70|||20200427|||20200427|BANQUE|
21|CREDIT AGRICOLE PRO|21-6131|20200427|60250000|FOURNIT PERSON.||METRO|P225|20200427|equipement pour découpe|172,61|0|||20200427|||20200427|BANQUE|
21|CREDIT AGRICOLE PRO|21-6131|20200427|44566000|TVA SUR AUT BIENS SE||METRO|P225|20200427|equipement pour découpe|34,52|0|||20200427|||20200427|BANQUE|
21|CREDIT AGRICOLE PRO|21-6131|20200427|51210000|CREDIT MUTUEL||METRO|P225|20200427|equipement pour découpe|0|207,13|||20200427|||20200427|BANQUE|
21|CREDIT AGRICOLE PRO|21-6132|20200427|61680000|ASSUR. AUTRES. (ADI)||PREDICA|P226|20200427|prot revenus agricoles|35,44|0|||20200427|||20200427|BANQUE|
21|CREDIT AGRICOLE PRO|21-6132|20200427|51210000|CREDIT MUTUEL||PREDICA|P226|20200427|prot revenus agricoles|0|35,44|||20200427|||20200427|BANQUE|
21|CREDIT AGRICOLE PRO|21-6133|20200430|62220000|COMMISSIONS SUR VENT||LE GOUT DE NOTRE FER|P227|20200430|1er trimestre cot|140,68|0|||20200430|||20200430|BANQUE|
21|CREDIT AGRICOLE PRO|21-6133|20200430|51210000|CREDIT MUTUEL||LE GOUT DE NOTRE FER|P227|20200430|1er trimestre cot|0|140,68|||20200430|||20200430|BANQUE|
21|CREDIT AGRICOLE PRO|21-7500|20200504|60640000|CARBURANTS A LA POMP||LECLERC|P228|20200504|gasoil|58,62|0|||20200504|||20200504|BANQUE|
21|CREDIT AGRICOLE PRO|21-7500|20200504|44566000|TVA SUR AUT BIENS SE||LECLERC|P228|20200504|gasoil|11,72|0|||20200504|||20200504|BANQUE|
21|CREDIT AGRICOLE PRO|21-7500|20200504|51210000|CREDIT MUTUEL||LECLERC|P228|20200504|gasoil|0|70,34|||20200504|||20200504|BANQUE|
21|CREDIT AGRICOLE PRO|21-7501|20200504|60140000|ALIMENTS DU BETAIL||SUD-OUEST ALIMENT|P229|20200504|aliment|172,25|0|||20200504|||20200504|BANQUE|
21|CREDIT AGRICOLE PRO|21-7501|20200504|44566000|TVA SUR AUT BIENS SE||SUD-OUEST ALIMENT|P229|20200504|aliment|17,23|0|||20200504|||20200504|BANQUE|
21|CREDIT AGRICOLE PRO|21-7501|20200504|51210000|CREDIT MUTUEL||SUD-OUEST ALIMENT|P229|20200504|aliment|0|189,48|||20200504|||20200504|BANQUE|
21|CREDIT AGRICOLE PRO|21-7502|20200504|61680000|ASSUR. AUTRES. (ADI)||PACIFICA ASSU|P230|20200504|coti. multirisque agri|86,74|0|||20200504|||20200504|BANQUE|
21|CREDIT AGRICOLE PRO|21-7502|20200504|51210000|CREDIT MUTUEL||PACIFICA ASSU|P230|20200504|coti. multirisque agri|0|86,74|||20200504|||20200504|BANQUE|
21|CREDIT AGRICOLE PRO|21-7503|20200505|70200000|VENTES PRODUITS ANIM||BANQUE|P231|20200505|remise cheque|0|108,82|||20200505|||20200505|BANQUE|
21|CREDIT AGRICOLE PRO|21-7503|20200505|44571000|TVA COLLECTEE ENCAIS||BANQUE|P231|20200505|remise cheque|0|5,98|||20200505|||20200505|BANQUE|
21|CREDIT AGRICOLE PRO|21-7503|20200505|51210000|CREDIT MUTUEL||BANQUE|P231|20200505|remise cheque|114,8|0|||20200505|||20200505|BANQUE|
21|CREDIT AGRICOLE PRO|21-7504|20200505|70200000|VENTES PRODUITS ANIM||BANQUE|P232|20200505|remise cheque|0|174,98|||20200505|||20200505|BANQUE|
21|CREDIT AGRICOLE PRO|21-7504|20200505|44571000|TVA COLLECTEE ENCAIS||BANQUE|P232|20200505|remise cheque|0|9,62|||20200505|||20200505|BANQUE|
21|CREDIT AGRICOLE PRO|21-7504|20200505|51210000|CREDIT MUTUEL||BANQUE|P232|20200505|remise cheque|184,6|0|||20200505|||20200505|BANQUE|
21|CREDIT AGRICOLE PRO|21-7505|20200505|70200000|VENTES PRODUITS ANIM||BANQUE|P233|20200505|remise cheque|0|116,69|||20200505|||20200505|BANQUE|
21|CREDIT AGRICOLE PRO|21-7505|20200505|44571000|TVA COLLECTEE ENCAIS||BANQUE|P233|20200505|remise cheque|0|6,41|||20200505|||20200505|BANQUE|
21|CREDIT AGRICOLE PRO|21-7505|20200505|51210000|CREDIT MUTUEL||BANQUE|P233|20200505|remise cheque|123,1|0|||20200505|||20200505|BANQUE|
21|CREDIT AGRICOLE PRO|21-7506|20200505|70200000|VENTES PRODUITS ANIM||BANQUE|P234|20200505|remise cheque|0|222,66|||20200505|||20200505|BANQUE|
21|CREDIT AGRICOLE PRO|21-7506|20200505|44571000|TVA COLLECTEE ENCAIS||BANQUE|P234|20200505|remise cheque|0|12,24|||20200505|||20200505|BANQUE|
21|CREDIT AGRICOLE PRO|21-7506|20200505|51210000|CREDIT MUTUEL||BANQUE|P234|20200505|remise cheque|234,9|0|||20200505|||20200505|BANQUE|
21|CREDIT AGRICOLE PRO|21-7507|20200505|70200000|VENTES PRODUITS ANIM||BANQUE|P235|20200505|remise cheque|0|312,56|||20200505|||20200505|BANQUE|
21|CREDIT AGRICOLE PRO|21-7507|20200505|44571000|TVA COLLECTEE ENCAIS||BANQUE|P235|20200505|remise cheque|0|17,19|||20200505|||20200505|BANQUE|
21|CREDIT AGRICOLE PRO|21-7507|20200505|51210000|CREDIT MUTUEL||BANQUE|P235|20200505|remise cheque|329,75|0|||20200505|||20200505|BANQUE|
21|CREDIT AGRICOLE PRO|21-7508|20200505|70200000|VENTES PRODUITS ANIM||BANQUE|P236|20200505|remise cheque|0|173,37|||20200505|||20200505|BANQUE|
21|CREDIT AGRICOLE PRO|21-7508|20200505|44571000|TVA COLLECTEE ENCAIS||BANQUE|P236|20200505|remise cheque|0|9,53|||20200505|||20200505|BANQUE|
21|CREDIT AGRICOLE PRO|21-7508|20200505|51210000|CREDIT MUTUEL||BANQUE|P236|20200505|remise cheque|182,9|0|||20200505|||20200505|BANQUE|
21|CREDIT AGRICOLE PRO|21-7509|20200505|70200000|VENTES PRODUITS ANIM||BANQUE|P237|20200505|remise cheque|0|144,08|||20200505|||20200505|BANQUE|
21|CREDIT AGRICOLE PRO|21-7509|20200505|44571000|TVA COLLECTEE ENCAIS||BANQUE|P237|20200505|remise cheque|0|7,92|||20200505|||20200505|BANQUE|
21|CREDIT AGRICOLE PRO|21-7509|20200505|51210000|CREDIT MUTUEL||BANQUE|P237|20200505|remise cheque|152|0|||20200505|||20200505|BANQUE|
21|CREDIT AGRICOLE PRO|21-7510|20200505|70200000|VENTES PRODUITS ANIM||BANQUE|P238|20200505|depot especes|0|672,99|||20200505|||20200505|BANQUE|
21|CREDIT AGRICOLE PRO|21-7510|20200505|44571000|TVA COLLECTEE ENCAIS||BANQUE|P238|20200505|depot especes|0|37,01|||20200505|||20200505|BANQUE|
21|CREDIT AGRICOLE PRO|21-7510|20200505|51210000|CREDIT MUTUEL||BANQUE|P238|20200505|depot especes|710|0|||20200505|||20200505|BANQUE|
21|CREDIT AGRICOLE PRO|21-7511|20200505|66120000|INTS EMPRUNTS LMT||BANQUE|P239|20200505|int emprunts|21,79|0|||20200505|||20200505|BANQUE|
21|CREDIT AGRICOLE PRO|21-7511|20200505|51210000|CREDIT MUTUEL||BANQUE|P239|20200505|int emprunts|0|21,79|||20200505|||20200505|BANQUE|
21|CREDIT AGRICOLE PRO|21-7512|20200506|60140000|ALIMENTS DU BETAIL||SUD-OUEST ALIMENT|P240|20200506|aliment|438,13|0|||20200506|||20200506|BANQUE|
21|CREDIT AGRICOLE PRO|21-7512|20200506|44566000|TVA SUR AUT BIENS SE||SUD-OUEST ALIMENT|P240|20200506|aliment|43,81|0|||20200506|||20200506|BANQUE|
21|CREDIT AGRICOLE PRO|21-7512|20200506|51210000|CREDIT MUTUEL||SUD-OUEST ALIMENT|P240|20200506|aliment|0|481,94|||20200506|||20200506|BANQUE|
21|CREDIT AGRICOLE PRO|21-7513|20200507|10800000|COMPTE DE L EXPLOITA||PERSO|P241|20200507|perso|3,46|0|||20200507|||20200507|BANQUE|
21|CREDIT AGRICOLE PRO|21-7513|20200507|51210000|CREDIT MUTUEL||PERSO|P241|20200507|perso|0|3,46|||20200507|||20200507|BANQUE|
21|CREDIT AGRICOLE PRO|21-7514|20200507|10800000|COMPTE DE L EXPLOITA||PERSO|P242|20200507|perso|36,35|0|||20200507|||20200507|BANQUE|
21|CREDIT AGRICOLE PRO|21-7514|20200507|51210000|CREDIT MUTUEL||PERSO|P242|20200507|perso|0|36,35|||20200507|||20200507|BANQUE|
21|CREDIT AGRICOLE PRO|21-7515|20200507|63500000|AUTRES IMPOTS||IMPOTS|P243|20200507|taxe adar|90|0|||20200507|||20200507|BANQUE|
21|CREDIT AGRICOLE PRO|21-7515|20200507|51210000|CREDIT MUTUEL||IMPOTS|P243|20200507|taxe adar|0|90|||20200507|||20200507|BANQUE|
21|CREDIT AGRICOLE PRO|21-7516|20200510|66120000|INTS EMPRUNTS LMT||BANQUE|P244|20200510|interets emprunt|28,11|0|||20200510|||20200510|BANQUE|
21|CREDIT AGRICOLE PRO|21-7516|20200510|51210000|CREDIT MUTUEL||BANQUE|P244|20200510|interets emprunt|0|28,11|||20200510|||20200510|BANQUE|
21|CREDIT AGRICOLE PRO|21-7517|20200510|66120000|INTS EMPRUNTS LMT||BANQUE|P245|20200510|interets emprunts|32,05|0|||20200510|||20200510|BANQUE|
21|CREDIT AGRICOLE PRO|21-7517|20200510|51210000|CREDIT MUTUEL||BANQUE|P245|20200510|interets emprunts|0|32,05|||20200510|||20200510|BANQUE|
21|CREDIT AGRICOLE PRO|21-7518|20200511|60220000|PRODUITS ENTRETIEN||NETIKA|P246|20200511|gel hydroalcoolique|37,67|0|||20200511|||20200511|BANQUE|
21|CREDIT AGRICOLE PRO|21-7518|20200511|44566000|TVA SUR AUT BIENS SE||NETIKA|P246|20200511|gel hydroalcoolique|7,53|0|||20200511|||20200511|BANQUE|
21|CREDIT AGRICOLE PRO|21-7518|20200511|51210000|CREDIT MUTUEL||NETIKA|P246|20200511|gel hydroalcoolique|0|45,2|||20200511|||20200511|BANQUE|
21|CREDIT AGRICOLE PRO|21-7519|20200512|40910000|FOURNISSEURS AVANCES||SYNTHESE ELEVAGE|P247|20200512|regul facture|15,6|0|*A||20200512|||20200512|BANQUE|
21|CREDIT AGRICOLE PRO|21-7519|20200512|51210000|CREDIT MUTUEL||SYNTHESE ELEVAGE|P247|20200512|regul facture|0|15,6|||20200512|||20200512|BANQUE|
21|CREDIT AGRICOLE PRO|21-7520|20200513|60530000|TRAV/PRODUITS TRANSF||MARAULI|P248|20200513|abbatage|386,38|0|||20200513|||20200513|BANQUE|
21|CREDIT AGRICOLE PRO|21-7520|20200513|44566000|TVA SUR AUT BIENS SE||MARAULI|P248|20200513|abbatage|22,77|0|||20200513|||20200513|BANQUE|
21|CREDIT AGRICOLE PRO|21-7520|20200513|51210000|CREDIT MUTUEL||MARAULI|P248|20200513|abbatage|0|409,15|||20200513|||20200513|BANQUE|
21|CREDIT AGRICOLE PRO|21-7521|20200514|74580000|AUTRES SUBVENTION EX||PACIFICA ASSU|P249|20200514|aide assurance|0|1500|||20200514|||20200514|BANQUE|
21|CREDIT AGRICOLE PRO|21-7521|20200514|51210000|CREDIT MUTUEL||PACIFICA ASSU|P249|20200514|aide assurance|1500|0|||20200514|||20200514|BANQUE|
21|CREDIT AGRICOLE PRO|21-7522|20200514|62250000|HONORAIRES VETERINAI||BIO CHENE VERT|P250|20200514|test salmonelle|19,49|0|||20200514|||20200514|BANQUE|
21|CREDIT AGRICOLE PRO|21-7522|20200514|44566000|TVA SUR AUT BIENS SE||BIO CHENE VERT|P250|20200514|test salmonelle|3,9|0|||20200514|||20200514|BANQUE|
21|CREDIT AGRICOLE PRO|21-7522|20200514|51210000|CREDIT MUTUEL||BIO CHENE VERT|P250|20200514|test salmonelle|0|23,39|||20200514|||20200514|BANQUE|
21|CREDIT AGRICOLE PRO|21-7523|20200514|62250000|HONORAIRES VETERINAI||BIO CHENE VERT|P251|20200514|test salmonelle|19,49|0|||20200514|||20200514|BANQUE|
21|CREDIT AGRICOLE PRO|21-7523|20200514|44566000|TVA SUR AUT BIENS SE||BIO CHENE VERT|P251|20200514|test salmonelle|3,9|0|||20200514|||20200514|BANQUE|
21|CREDIT AGRICOLE PRO|21-7523|20200514|51210000|CREDIT MUTUEL||BIO CHENE VERT|P251|20200514|test salmonelle|0|23,39|||20200514|||20200514|BANQUE|
21|CREDIT AGRICOLE PRO|21-7524|20200514|62250000|HONORAIRES VETERINAI||BIO CHENE VERT|P252|20200514|test salmonelle|19,49|0|||20200514|||20200514|BANQUE|
21|CREDIT AGRICOLE PRO|21-7524|20200514|44566000|TVA SUR AUT BIENS SE||BIO CHENE VERT|P252|20200514|test salmonelle|3,9|0|||20200514|||20200514|BANQUE|
21|CREDIT AGRICOLE PRO|21-7524|20200514|51210000|CREDIT MUTUEL||BIO CHENE VERT|P252|20200514|test salmonelle|0|23,39|||20200514|||20200514|BANQUE|
21|CREDIT AGRICOLE PRO|21-7525|20200514|62300000|PUBLICITE,RELAT PUBL||MAILEX|P253|20200514|cartes et etiquettes|565,42|0|||20200514|||20200514|BANQUE|
21|CREDIT AGRICOLE PRO|21-7525|20200514|44566000|TVA SUR AUT BIENS SE||MAILEX|P253|20200514|cartes et etiquettes|113,08|0|||20200514|||20200514|BANQUE|
21|CREDIT AGRICOLE PRO|21-7525|20200514|51210000|CREDIT MUTUEL||MAILEX|P253|20200514|cartes et etiquettes|0|678,5|||20200514|||20200514|BANQUE|
21|CREDIT AGRICOLE PRO|21-7526|20200515|60640000|CARBURANTS A LA POMP||LECLERC|P254|20200515|gasoil|68,25|0|||20200515|||20200515|BANQUE|
21|CREDIT AGRICOLE PRO|21-7526|20200515|44566000|TVA SUR AUT BIENS SE||LECLERC|P254|20200515|gasoil|3,75|0|||20200515|||20200515|BANQUE|
21|CREDIT AGRICOLE PRO|21-7526|20200515|51210000|CREDIT MUTUEL||LECLERC|P254|20200515|gasoil|0|72|||20200515|||20200515|BANQUE|
21|CREDIT AGRICOLE PRO|21-7527|20200515|61680000|ASSUR. AUTRES. (ADI)||PACIFICA ASSU|P255|20200515|assu acc vie|27,5|0|||20200515|||20200515|BANQUE|
21|CREDIT AGRICOLE PRO|21-7527|20200515|51210000|CREDIT MUTUEL||PACIFICA ASSU|P255|20200515|assu acc vie|0|27,5|||20200515|||20200515|BANQUE|
21|CREDIT AGRICOLE PRO|21-7528|20200518|44583000|TVA REMBOURST DEMAND||IMPOTS|P256|20200518|rembours tva|0|810|||20200518|||20200518|BANQUE|
21|CREDIT AGRICOLE PRO|21-7528|20200518|51210000|CREDIT MUTUEL||IMPOTS|P256|20200518|rembours tva|810|0|||20200518|||20200518|BANQUE|
21|CREDIT AGRICOLE PRO|21-7529|20200518|60660000|PETIT MAT. ET OUTILL||METRO|P257|20200518|vitrine|282,73|0|||20200518|||20200518|BANQUE|
21|CREDIT AGRICOLE PRO|21-7529|20200518|44566000|TVA SUR AUT BIENS SE||METRO|P257|20200518|vitrine|56,55|0|||20200518|||20200518|BANQUE|
21|CREDIT AGRICOLE PRO|21-7529|20200518|51210000|CREDIT MUTUEL||METRO|P257|20200518|vitrine|0|339,28|||20200518|||20200518|BANQUE|
21|CREDIT AGRICOLE PRO|21-7530|20200518|60140000|ALIMENTS DU BETAIL||SUD-OUEST ALIMENT|P258|20200518|aliment|623|0|||20200518|||20200518|BANQUE|
21|CREDIT AGRICOLE PRO|21-7530|20200518|44566000|TVA SUR AUT BIENS SE||SUD-OUEST ALIMENT|P258|20200518|aliment|62,3|0|||20200518|||20200518|BANQUE|
21|CREDIT AGRICOLE PRO|21-7530|20200518|51210000|CREDIT MUTUEL||SUD-OUEST ALIMENT|P258|20200518|aliment|0|685,3|||20200518|||20200518|BANQUE|
21|CREDIT AGRICOLE PRO|21-7531|20200519|10800000|COMPTE DE L EXPLOITA||PERSO|P259|20200519|perso|16,84|0|||20200519|||20200519|BANQUE|
21|CREDIT AGRICOLE PRO|21-7531|20200519|51210000|CREDIT MUTUEL||PERSO|P259|20200519|perso|0|16,84|||20200519|||20200519|BANQUE|
21|CREDIT AGRICOLE PRO|21-7532|20200519|10800000|COMPTE DE L EXPLOITA||PERSO|P260|20200519|perso|3,9|0|||20200519|||20200519|BANQUE|
21|CREDIT AGRICOLE PRO|21-7532|20200519|51210000|CREDIT MUTUEL||PERSO|P260|20200519|perso|0|3,9|||20200519|||20200519|BANQUE|
21|CREDIT AGRICOLE PRO|21-7533|20200519|62220000|COMMISSIONS SUR VENT||PANIER LOCAL|P261|20200519|panier local|330|0|||20200519|||20200519|BANQUE|
21|CREDIT AGRICOLE PRO|21-7533|20200519|44566000|TVA SUR AUT BIENS SE||PANIER LOCAL|P261|20200519|panier local|66|0|||20200519|||20200519|BANQUE|
21|CREDIT AGRICOLE PRO|21-7533|20200519|51210000|CREDIT MUTUEL||PANIER LOCAL|P261|20200519|panier local|0|396|||20200519|||20200519|BANQUE|
21|CREDIT AGRICOLE PRO|21-7534|20200520|60660000|PETIT MAT. ET OUTILL||TOUT FAIRE|P262|20200520|perceuse|471,86|0|||20200520|||20200520|BANQUE|
21|CREDIT AGRICOLE PRO|21-7534|20200520|44566000|TVA SUR AUT BIENS SE||TOUT FAIRE|P262|20200520|perceuse|94,37|0|||20200520|||20200520|BANQUE|
21|CREDIT AGRICOLE PRO|21-7534|20200520|51210000|CREDIT MUTUEL||TOUT FAIRE|P262|20200520|perceuse|0|566,23|||20200520|||20200520|BANQUE|
21|CREDIT AGRICOLE PRO|21-7535|20200522|70200000|VENTES PRODUITS ANIM||BANQUE|P263|20200522|remise cheque|0|278,08|||20200522|||20200522|BANQUE|
21|CREDIT AGRICOLE PRO|21-7535|20200522|44571000|TVA COLLECTEE ENCAIS||BANQUE|P263|20200522|remise cheque|0|15,29|||20200522|||20200522|BANQUE|
21|CREDIT AGRICOLE PRO|21-7535|20200522|51210000|CREDIT MUTUEL||BANQUE|P263|20200522|remise cheque|293,37|0|||20200522|||20200522|BANQUE|
21|CREDIT AGRICOLE PRO|21-7536|20200522|70200000|VENTES PRODUITS ANIM||BANQUE|P264|20200522|remise cheque|0|136,73|||20200522|||20200522|BANQUE|
21|CREDIT AGRICOLE PRO|21-7536|20200522|44571000|TVA COLLECTEE ENCAIS||BANQUE|P264|20200522|remise cheque|0|7,52|||20200522|||20200522|BANQUE|
21|CREDIT AGRICOLE PRO|21-7536|20200522|51210000|CREDIT MUTUEL||BANQUE|P264|20200522|remise cheque|144,25|0|||20200522|||20200522|BANQUE|
21|CREDIT AGRICOLE PRO|21-7537|20200522|70200000|VENTES PRODUITS ANIM||BANQUE|P265|20200522|remise cheque|0|122,75|||20200522|||20200522|BANQUE|
21|CREDIT AGRICOLE PRO|21-7537|20200522|44571000|TVA COLLECTEE ENCAIS||BANQUE|P265|20200522|remise cheque|0|6,75|||20200522|||20200522|BANQUE|
21|CREDIT AGRICOLE PRO|21-7537|20200522|51210000|CREDIT MUTUEL||BANQUE|P265|20200522|remise cheque|129,5|0|||20200522|||20200522|BANQUE|
21|CREDIT AGRICOLE PRO|21-7538|20200522|70200000|VENTES PRODUITS ANIM||BANQUE|P266|20200522|remise cheque|0|86,83|||20200522|||20200522|BANQUE|
21|CREDIT AGRICOLE PRO|21-7538|20200522|44571000|TVA COLLECTEE ENCAIS||BANQUE|P266|20200522|remise cheque|0|4,77|||20200522|||20200522|BANQUE|
21|CREDIT AGRICOLE PRO|21-7538|20200522|51210000|CREDIT MUTUEL||BANQUE|P266|20200522|remise cheque|91,6|0|||20200522|||20200522|BANQUE|
21|CREDIT AGRICOLE PRO|21-7539|20200522|70200000|VENTES PRODUITS ANIM||BANQUE|P267|20200522|remise cheque|0|166,07|||20200522|||20200522|BANQUE|
21|CREDIT AGRICOLE PRO|21-7539|20200522|44571000|TVA COLLECTEE ENCAIS||BANQUE|P267|20200522|remise cheque|0|9,13|||20200522|||20200522|BANQUE|
21|CREDIT AGRICOLE PRO|21-7539|20200522|51210000|CREDIT MUTUEL||BANQUE|P267|20200522|remise cheque|175,2|0|||20200522|||20200522|BANQUE|
21|CREDIT AGRICOLE PRO|21-7540|20200522|70200000|VENTES PRODUITS ANIM||BANQUE|P268|20200522|remise cheque|0|99,06|||20200522|||20200522|BANQUE|
21|CREDIT AGRICOLE PRO|21-7540|20200522|44571000|TVA COLLECTEE ENCAIS||BANQUE|P268|20200522|remise cheque|0|5,44|||20200522|||20200522|BANQUE|
21|CREDIT AGRICOLE PRO|21-7540|20200522|51210000|CREDIT MUTUEL||BANQUE|P268|20200522|remise cheque|104,5|0|||20200522|||20200522|BANQUE|
21|CREDIT AGRICOLE PRO|21-7541|20200522|70200000|VENTES PRODUITS ANIM||BANQUE|P269|20200522|remise cheque|0|143,89|||20200522|||20200522|BANQUE|
21|CREDIT AGRICOLE PRO|21-7541|20200522|44571000|TVA COLLECTEE ENCAIS||BANQUE|P269|20200522|remise cheque|0|7,91|||20200522|||20200522|BANQUE|
21|CREDIT AGRICOLE PRO|21-7541|20200522|51210000|CREDIT MUTUEL||BANQUE|P269|20200522|remise cheque|151,8|0|||20200522|||20200522|BANQUE|
21|CREDIT AGRICOLE PRO|21-7542|20200522|70200000|VENTES PRODUITS ANIM||BANQUE|P270|20200522|remise cheque|0|186,55|||20200522|||20200522|BANQUE|
21|CREDIT AGRICOLE PRO|21-7542|20200522|44571000|TVA COLLECTEE ENCAIS||BANQUE|P270|20200522|remise cheque|0|10,25|||20200522|||20200522|BANQUE|
21|CREDIT AGRICOLE PRO|21-7542|20200522|51210000|CREDIT MUTUEL||BANQUE|P270|20200522|remise cheque|196,8|0|||20200522|||20200522|BANQUE|
21|CREDIT AGRICOLE PRO|21-7543|20200522|70200000|VENTES PRODUITS ANIM||BANQUE|P271|20200522|remise cheque|0|82,66|||20200522|||20200522|BANQUE|
21|CREDIT AGRICOLE PRO|21-7543|20200522|44571000|TVA COLLECTEE ENCAIS||BANQUE|P271|20200522|remise cheque|0|4,54|||20200522|||20200522|BANQUE|
21|CREDIT AGRICOLE PRO|21-7543|20200522|51210000|CREDIT MUTUEL||BANQUE|P271|20200522|remise cheque|87,2|0|||20200522|||20200522|BANQUE|
21|CREDIT AGRICOLE PRO|21-7544|20200522|70200000|VENTES PRODUITS ANIM||BANQUE|P272|20200522|remise cheque|0|136,59|||20200522|||20200522|BANQUE|
21|CREDIT AGRICOLE PRO|21-7544|20200522|44571000|TVA COLLECTEE ENCAIS||BANQUE|P272|20200522|remise cheque|0|7,51|||20200522|||20200522|BANQUE|
21|CREDIT AGRICOLE PRO|21-7544|20200522|51210000|CREDIT MUTUEL||BANQUE|P272|20200522|remise cheque|144,1|0|||20200522|||20200522|BANQUE|
21|CREDIT AGRICOLE PRO|21-7545|20200522|70200000|VENTES PRODUITS ANIM||BANQUE|P273|20200522|remise cheque|0|87,49|||20200522|||20200522|BANQUE|
21|CREDIT AGRICOLE PRO|21-7545|20200522|44571000|TVA COLLECTEE ENCAIS||BANQUE|P273|20200522|remise cheque|0|4,81|||20200522|||20200522|BANQUE|
21|CREDIT AGRICOLE PRO|21-7545|20200522|51210000|CREDIT MUTUEL||BANQUE|P273|20200522|remise cheque|92,3|0|||20200522|||20200522|BANQUE|
21|CREDIT AGRICOLE PRO|21-7546|20200522|70200000|VENTES PRODUITS ANIM||BANQUE|P274|20200522|remise cheque|0|895,63|||20200522|||20200522|BANQUE|
21|CREDIT AGRICOLE PRO|21-7546|20200522|44571000|TVA COLLECTEE ENCAIS||BANQUE|P274|20200522|remise cheque|0|49,25|||20200522|||20200522|BANQUE|
21|CREDIT AGRICOLE PRO|21-7546|20200522|51210000|CREDIT MUTUEL||BANQUE|P274|20200522|remise cheque|944,88|0|||20200522|||20200522|BANQUE|
21|CREDIT AGRICOLE PRO|21-7547|20200522|70200000|VENTES PRODUITS ANIM||BANQUE|P275|20200522|remise cheque|0|157,92|||20200522|||20200522|BANQUE|
21|CREDIT AGRICOLE PRO|21-7547|20200522|44571000|TVA COLLECTEE ENCAIS||BANQUE|P275|20200522|remise cheque|0|8,68|||20200522|||20200522|BANQUE|
21|CREDIT AGRICOLE PRO|21-7547|20200522|51210000|CREDIT MUTUEL||BANQUE|P275|20200522|remise cheque|166,6|0|||20200522|||20200522|BANQUE|
21|CREDIT AGRICOLE PRO|21-7548|20200522|70200000|VENTES PRODUITS ANIM||BANQUE|P276|20200522|remise cheque|0|44,37|||20200522|||20200522|BANQUE|
21|CREDIT AGRICOLE PRO|21-7548|20200522|44571000|TVA COLLECTEE ENCAIS||BANQUE|P276|20200522|remise cheque|0|2,44|||20200522|||20200522|BANQUE|
21|CREDIT AGRICOLE PRO|21-7548|20200522|51210000|CREDIT MUTUEL||BANQUE|P276|20200522|remise cheque|46,81|0|||20200522|||20200522|BANQUE|
21|CREDIT AGRICOLE PRO|21-7549|20200522|60640000|CARBURANTS A LA POMP||INTERMARCHÉ|P277|20200522|gasoil|58,33|0|||20200522|||20200522|BANQUE|
21|CREDIT AGRICOLE PRO|21-7549|20200522|44566000|TVA SUR AUT BIENS SE||INTERMARCHÉ|P277|20200522|gasoil|11,67|0|||20200522|||20200522|BANQUE|
21|CREDIT AGRICOLE PRO|21-7549|20200522|51210000|CREDIT MUTUEL||INTERMARCHÉ|P277|20200522|gasoil|0|70|||20200522|||20200522|BANQUE|
21|CREDIT AGRICOLE PRO|21-7550|20200523|70200000|VENTES PRODUITS ANIM||BANQUE|P278|20200523|depot especes|0|985,79|||20200523|||20200523|BANQUE|
21|CREDIT AGRICOLE PRO|21-7550|20200523|44571000|TVA COLLECTEE ENCAIS||BANQUE|P278|20200523|depot especes|0|54,21|||20200523|||20200523|BANQUE|
21|CREDIT AGRICOLE PRO|21-7550|20200523|51210000|CREDIT MUTUEL||BANQUE|P278|20200523|depot especes|1040|0|||20200523|||20200523|BANQUE|
21|CREDIT AGRICOLE PRO|21-7551|20200525|60180000|COMBUSTIBLES||LECLERC|P279|20200525|gaz poussins|28,26|0|||20200525|||20200525|BANQUE|
21|CREDIT AGRICOLE PRO|21-7551|20200525|44566000|TVA SUR AUT BIENS SE||LECLERC|P279|20200525|gaz poussins|5,65|0|||20200525|||20200525|BANQUE|
21|CREDIT AGRICOLE PRO|21-7551|20200525|51210000|CREDIT MUTUEL||LECLERC|P279|20200525|gaz poussins|0|33,91|||20200525|||20200525|BANQUE|
21|CREDIT AGRICOLE PRO|21-7552|20200525|60660000|PETIT MAT. ET OUTILL||BRICOMARCHÉ|P280|20200525|petit matériel|77,26|0|||20200525|||20200525|BANQUE|
21|CREDIT AGRICOLE PRO|21-7552|20200525|44566000|TVA SUR AUT BIENS SE||BRICOMARCHÉ|P280|20200525|petit matériel|15,09|0|||20200525|||20200525|BANQUE|
21|CREDIT AGRICOLE PRO|21-7552|20200525|51210000|CREDIT MUTUEL||BRICOMARCHÉ|P280|20200525|petit matériel|0|92,35|||20200525|||20200525|BANQUE|
21|CREDIT AGRICOLE PRO|21-7553|20200525|60660000|PETIT MAT. ET OUTILL||IVANTOUT|P281|20200525|caisse marché|12,5|0|||20200525|||20200525|BANQUE|
21|CREDIT AGRICOLE PRO|21-7553|20200525|44566000|TVA SUR AUT BIENS SE||IVANTOUT|P281|20200525|caisse marché|2,49|0|||20200525|||20200525|BANQUE|
21|CREDIT AGRICOLE PRO|21-7553|20200525|51210000|CREDIT MUTUEL||IVANTOUT|P281|20200525|caisse marché|0|14,99|||20200525|||20200525|BANQUE|
21|CREDIT AGRICOLE PRO|21-7554|20200525|60660000|PETIT MAT. ET OUTILL||IVANTOUT|P282|20200525|coffret douilles|61,67|0|||20200525|||20200525|BANQUE|
21|CREDIT AGRICOLE PRO|21-7554|20200525|44566000|TVA SUR AUT BIENS SE||IVANTOUT|P282|20200525|coffret douilles|12,33|0|||20200525|||20200525|BANQUE|
21|CREDIT AGRICOLE PRO|21-7554|20200525|51210000|CREDIT MUTUEL||IVANTOUT|P282|20200525|coffret douilles|0|74|||20200525|||20200525|BANQUE|
21|CREDIT AGRICOLE PRO|21-7555|20200525|60180000|COMBUSTIBLES||INTERMARCHÉ|P283|20200525|gaz poussins|29,75|0|||20200525|||20200525|BANQUE|
21|CREDIT AGRICOLE PRO|21-7555|20200525|44566000|TVA SUR AUT BIENS SE||INTERMARCHÉ|P283|20200525|gaz poussins|5,95|0|||20200525|||20200525|BANQUE|
21|CREDIT AGRICOLE PRO|21-7555|20200525|51210000|CREDIT MUTUEL||INTERMARCHÉ|P283|20200525|gaz poussins|0|35,7|||20200525|||20200525|BANQUE|
21|CREDIT AGRICOLE PRO|21-7556|20200526|60640000|CARBURANTS A LA POMP||LECLERC|P284|20200526|gasoil|55,83|0|||20200526|||20200526|BANQUE|
21|CREDIT AGRICOLE PRO|21-7556|20200526|44566000|TVA SUR AUT BIENS SE||LECLERC|P284|20200526|gasoil|11,17|0|||20200526|||20200526|BANQUE|
21|CREDIT AGRICOLE PRO|21-7556|20200526|51210000|CREDIT MUTUEL||LECLERC|P284|20200526|gasoil|0|67|||20200526|||20200526|BANQUE|
21|CREDIT AGRICOLE PRO|21-7557|20200526|61680000|ASSUR. AUTRES. (ADI)||PREDICA|P285|20200526|protect revenus agri|35,44|0|||20200526|||20200526|BANQUE|
21|CREDIT AGRICOLE PRO|21-7557|20200526|51210000|CREDIT MUTUEL||PREDICA|P285|20200526|protect revenus agri|0|35,44|||20200526|||20200526|BANQUE|
21|CREDIT AGRICOLE PRO|21-7558|20200527|62880000|AUTRES SERV EXT DIVE||AFOGC33|P286|20200527|Maintenance istea|119|0|||20200527|||20200527|BANQUE|
21|CREDIT AGRICOLE PRO|21-7558|20200527|44566000|TVA SUR AUT BIENS SE||AFOGC33|P286|20200527|Maintenance istea|23,8|0|||20200527|||20200527|BANQUE|
21|CREDIT AGRICOLE PRO|21-7558|20200527|51210000|CREDIT MUTUEL||AFOGC33|P286|20200527|Maintenance istea|0|142,8|||20200527|||20200527|BANQUE|
21|CREDIT AGRICOLE PRO|21-7559|20200527|60140000|ALIMENTS DU BETAIL||SUD-OUEST ALIMENT|P287|20200527|aliment|70,75|0|||20200527|||20200527|BANQUE|
21|CREDIT AGRICOLE PRO|21-7559|20200527|60140000|ALIMENTS DU BETAIL||SUD-OUEST ALIMENT|P287|20200527|aliment|443,51|0|||20200527|||20200527|BANQUE|
21|CREDIT AGRICOLE PRO|21-7559|20200527|44566000|TVA SUR AUT BIENS SE||SUD-OUEST ALIMENT|P287|20200527|aliment|14,15|0|||20200527|||20200527|BANQUE|
21|CREDIT AGRICOLE PRO|21-7559|20200527|44566000|TVA SUR AUT BIENS SE||SUD-OUEST ALIMENT|P287|20200527|aliment|44,35|0|||20200527|||20200527|BANQUE|
21|CREDIT AGRICOLE PRO|21-7559|20200527|51210000|CREDIT MUTUEL||SUD-OUEST ALIMENT|P287|20200527|aliment|0|572,76|||20200527|||20200527|BANQUE|
21|CREDIT AGRICOLE PRO|21-7560|20200528|62220000|COMMISSIONS SUR VENT||LE GOUT DE NOTRE FER|P288|20200528|facture marché|103,8|0|||20200528|||20200528|BANQUE|
21|CREDIT AGRICOLE PRO|21-7560|20200528|51210000|CREDIT MUTUEL||LE GOUT DE NOTRE FER|P288|20200528|facture marché|0|103,8|||20200528|||20200528|BANQUE|
21|CREDIT AGRICOLE PRO|21-7657|20200602|60640000|CARBURANTS A LA POMP||INTERMARCHÉ|289|20200602|CARBURANTS A LA POMPE|41,88|0|||20200602|||20200602|BANQUE|
21|CREDIT AGRICOLE PRO|21-7657|20200602|44566000|TVA SUR AUT BIENS SE||INTERMARCHÉ|289|20200602|CARBURANTS A LA POMPE|8,38|0|||20200602|||20200602|BANQUE|
21|CREDIT AGRICOLE PRO|21-7657|20200602|51210000|CREDIT MUTUEL||INTERMARCHÉ|289|20200602|CARBURANTS A LA POMPE|0|50,26|||20200602|||20200602|BANQUE|
21|CREDIT AGRICOLE PRO|21-7658|20200602|10800000|COMPTE DE L EXPLOITA||INTERMARCHÉ|290|20200602|COMPTE DE L EXPLOITANT|70,03|0|||20200602|||20200602|BANQUE|
21|CREDIT AGRICOLE PRO|21-7658|20200602|51210000|CREDIT MUTUEL||INTERMARCHÉ|290|20200602|COMPTE DE L EXPLOITANT|0|70,03|||20200602|||20200602|BANQUE|
21|CREDIT AGRICOLE PRO|21-7659|20200602|61680000|ASSUR. AUTRES. (ADI)||PACIFICA ASSU|291|20200602|ASSUR. AUTRES. (ADI)|86,74|0|||20200602|||20200602|BANQUE|
21|CREDIT AGRICOLE PRO|21-7659|20200602|51210000|CREDIT MUTUEL||PACIFICA ASSU|291|20200602|ASSUR. AUTRES. (ADI)|0|86,74|||20200602|||20200602|BANQUE|
21|CREDIT AGRICOLE PRO|21-7660|20200603|70200000|VENTES PRODUITS ANIM||VENTES|292|20200603|cheques|0|638,95|||20200603|||20200603|BANQUE|
21|CREDIT AGRICOLE PRO|21-7660|20200603|44571000|TVA COLLECTEE ENCAIS||VENTES|292|20200603|cheques|0|35,15|||20200603|||20200603|BANQUE|
21|CREDIT AGRICOLE PRO|21-7660|20200603|51210000|CREDIT MUTUEL||VENTES|292|20200603|cheques|674,1|0|||20200603|||20200603|BANQUE|
21|CREDIT AGRICOLE PRO|21-7661|20200603|70200000|VENTES PRODUITS ANIM||VENTES|293|20200603|cheques|0|254,38|||20200603|||20200603|BANQUE|
21|CREDIT AGRICOLE PRO|21-7661|20200603|44571000|TVA COLLECTEE ENCAIS||VENTES|293|20200603|cheques|0|14|||20200603|||20200603|BANQUE|
21|CREDIT AGRICOLE PRO|21-7661|20200603|51210000|CREDIT MUTUEL||VENTES|293|20200603|cheques|268,38|0|||20200603|||20200603|BANQUE|
21|CREDIT AGRICOLE PRO|21-7662|20200603|61680000|ASSUR. AUTRES. (ADI)||PACIFICA ASSU|294|20200603|ASSUR. AUTRES. (ADI)|21,79|0|||20200603|||20200603|BANQUE|
21|CREDIT AGRICOLE PRO|21-7662|20200603|51210000|CREDIT MUTUEL||PACIFICA ASSU|294|20200603|ASSUR. AUTRES. (ADI)|0|21,79|||20200603|||20200603|BANQUE|
21|CREDIT AGRICOLE PRO|21-7663|20200604|70200000|VENTES PRODUITS ANIM||VENTES|295|20200604|virement|0|286,72|||20200604|||20200604|BANQUE|
21|CREDIT AGRICOLE PRO|21-7663|20200604|44571000|TVA COLLECTEE ENCAIS||VENTES|295|20200604|virement|0|15,78|||20200604|||20200604|BANQUE|
21|CREDIT AGRICOLE PRO|21-7663|20200604|51210000|CREDIT MUTUEL||VENTES|295|20200604|virement|302,5|0|||20200604|||20200604|BANQUE|
21|CREDIT AGRICOLE PRO|21-7664|20200604|70200000|VENTES PRODUITS ANIM||VENTES|296|20200604|especes|0|417,06|||20200604|||20200604|BANQUE|
21|CREDIT AGRICOLE PRO|21-7664|20200604|44571000|TVA COLLECTEE ENCAIS||VENTES|296|20200604|especes|0|22,94|||20200604|||20200604|BANQUE|
21|CREDIT AGRICOLE PRO|21-7664|20200604|51210000|CREDIT MUTUEL||VENTES|296|20200604|especes|440|0|||20200604|||20200604|BANQUE|
21|CREDIT AGRICOLE PRO|21-7665|20200604|60640000|CARBURANTS A LA POMP||INTERMARCHÉ|297|20200604|CARBURANTS A LA POMPE|63,42|0|||20200604|||20200604|BANQUE|
21|CREDIT AGRICOLE PRO|21-7665|20200604|44566000|TVA SUR AUT BIENS SE||INTERMARCHÉ|297|20200604|CARBURANTS A LA POMPE|12,68|0|||20200604|||20200604|BANQUE|
21|CREDIT AGRICOLE PRO|21-7665|20200604|51210000|CREDIT MUTUEL||INTERMARCHÉ|297|20200604|CARBURANTS A LA POMPE|0|76,1|||20200604|||20200604|BANQUE|
21|CREDIT AGRICOLE PRO|21-7666|20200604|60240000|FOURNIT BUREAU||BUREAU VALLEE|298|20200604|fournitures bureau|38,88|0|||20200604|||20200604|BANQUE|
21|CREDIT AGRICOLE PRO|21-7666|20200604|44566000|TVA SUR AUT BIENS SE||BUREAU VALLEE|298|20200604|fournitures bureau|7,78|0|||20200604|||20200604|BANQUE|
21|CREDIT AGRICOLE PRO|21-7666|20200604|51210000|CREDIT MUTUEL||BUREAU VALLEE|298|20200604|fournitures bureau|0|46,66|||20200604|||20200604|BANQUE|
21|CREDIT AGRICOLE PRO|21-7667|20200608|60180000|COMBUSTIBLES||LECLERC|299|20200608|GAZ COMBUSTIBLE|29,25|0|||20200608|||20200608|BANQUE|
21|CREDIT AGRICOLE PRO|21-7667|20200608|44566000|TVA SUR AUT BIENS SE||LECLERC|299|20200608|GAZ COMBUSTIBLE|5,85|0|||20200608|||20200608|BANQUE|
21|CREDIT AGRICOLE PRO|21-7667|20200608|51210000|CREDIT MUTUEL||LECLERC|299|20200608|GAZ COMBUSTIBLE|0|35,1|||20200608|||20200608|BANQUE|
21|CREDIT AGRICOLE PRO|21-7668|20200608|60180000|COMBUSTIBLES||LECLERC|300|20200608|GAZ COMBUSTIBLE|29,25|0|||20200608|||20200608|BANQUE|
21|CREDIT AGRICOLE PRO|21-7668|20200608|44566000|TVA SUR AUT BIENS SE||LECLERC|300|20200608|GAZ COMBUSTIBLE|5,85|0|||20200608|||20200608|BANQUE|
21|CREDIT AGRICOLE PRO|21-7668|20200608|51210000|CREDIT MUTUEL||LECLERC|300|20200608|GAZ COMBUSTIBLE|0|35,1|||20200608|||20200608|BANQUE|
21|CREDIT AGRICOLE PRO|21-7669|20200609|70200000|VENTES PRODUITS ANIM||VENTES|301|20200609|PRODUITS ANIMAUX|0|142,56|||20200609|||20200609|BANQUE|
21|CREDIT AGRICOLE PRO|21-7669|20200609|44571000|TVA COLLECTEE ENCAIS||VENTES|301|20200609|PRODUITS ANIMAUX|0|7,84|||20200609|||20200609|BANQUE|
21|CREDIT AGRICOLE PRO|21-7669|20200609|51210000|CREDIT MUTUEL||VENTES|301|20200609|PRODUITS ANIMAUX|150,4|0|||20200609|||20200609|BANQUE|
21|CREDIT AGRICOLE PRO|21-7670|20200609|70200000|VENTES PRODUITS ANIM||VENTES|302|20200609|PRODUITS ANIMAUX|0|127,01|||20200609|||20200609|BANQUE|
21|CREDIT AGRICOLE PRO|21-7670|20200609|44571000|TVA COLLECTEE ENCAIS||VENTES|302|20200609|PRODUITS ANIMAUX|0|6,99|||20200609|||20200609|BANQUE|
21|CREDIT AGRICOLE PRO|21-7670|20200609|51210000|CREDIT MUTUEL||VENTES|302|20200609|PRODUITS ANIMAUX|134|0|||20200609|||20200609|BANQUE|
21|CREDIT AGRICOLE PRO|21-7671|20200609|62270000|FRAIS ACTES ET CONTE||NOTAIRE|303|20200609|solde de compte|0|551,72|||20200609|||20200609|BANQUE|
21|CREDIT AGRICOLE PRO|21-7671|20200609|51210000|CREDIT MUTUEL||NOTAIRE|303|20200609|solde de compte|551,72|0|||20200609|||20200609|BANQUE|
21|CREDIT AGRICOLE PRO|21-7672|20200609|70200000|VENTES PRODUITS ANIM||VENTES|304|20200609|PRODUITS ANIMAUX|0|155,64|||20200609|||20200609|BANQUE|
21|CREDIT AGRICOLE PRO|21-7672|20200609|44571000|TVA COLLECTEE ENCAIS||VENTES|304|20200609|PRODUITS ANIMAUX|0|8,56|||20200609|||20200609|BANQUE|
21|CREDIT AGRICOLE PRO|21-7672|20200609|51210000|CREDIT MUTUEL||VENTES|304|20200609|PRODUITS ANIMAUX|164,2|0|||20200609|||20200609|BANQUE|
21|CREDIT AGRICOLE PRO|21-7673|20200609|70200000|VENTES PRODUITS ANIM||VENTES|305|20200609|PRODUITS ANIMAUX|0|152,32|||20200609|||20200609|BANQUE|
21|CREDIT AGRICOLE PRO|21-7673|20200609|44571000|TVA COLLECTEE ENCAIS||VENTES|305|20200609|PRODUITS ANIMAUX|0|8,38|||20200609|||20200609|BANQUE|
21|CREDIT AGRICOLE PRO|21-7673|20200609|51210000|CREDIT MUTUEL||VENTES|305|20200609|PRODUITS ANIMAUX|160,7|0|||20200609|||20200609|BANQUE|
21|CREDIT AGRICOLE PRO|21-7674|20200609|70200000|VENTES PRODUITS ANIM||VENTES|306|20200609|PRODUITS ANIMAUX|0|224,26|||20200609|||20200609|BANQUE|
21|CREDIT AGRICOLE PRO|21-7674|20200609|44571000|TVA COLLECTEE ENCAIS||VENTES|306|20200609|PRODUITS ANIMAUX|0|12,34|||20200609|||20200609|BANQUE|
21|CREDIT AGRICOLE PRO|21-7674|20200609|51210000|CREDIT MUTUEL||VENTES|306|20200609|PRODUITS ANIMAUX|236,6|0|||20200609|||20200609|BANQUE|
21|CREDIT AGRICOLE PRO|21-7675|20200609|70200000|VENTES PRODUITS ANIM||VENTES|307|20200609|PRODUITS ANIMAUX|0|110,24|||20200609|||20200609|BANQUE|
21|CREDIT AGRICOLE PRO|21-7675|20200609|44571000|TVA COLLECTEE ENCAIS||VENTES|307|20200609|PRODUITS ANIMAUX|0|6,06|||20200609|||20200609|BANQUE|
21|CREDIT AGRICOLE PRO|21-7675|20200609|51210000|CREDIT MUTUEL||VENTES|307|20200609|PRODUITS ANIMAUX|116,3|0|||20200609|||20200609|BANQUE|
21|CREDIT AGRICOLE PRO|21-7676|20200609|60140000|ALIMENTS DU BETAIL||SUD-OUEST ALIMENT|308|20200609|aliment|252,75|0|||20200609|||20200609|BANQUE|
21|CREDIT AGRICOLE PRO|21-7676|20200609|60250000|FOURNIT PERSON.||SUD-OUEST ALIMENT|308|20200609|gants|7,45|0|||20200609|||20200609|BANQUE|
21|CREDIT AGRICOLE PRO|21-7676|20200609|44566000|TVA SUR AUT BIENS SE||SUD-OUEST ALIMENT|308|20200609|aliment|25,28|0|||20200609|||20200609|BANQUE|
21|CREDIT AGRICOLE PRO|21-7676|20200609|44566000|TVA SUR AUT BIENS SE||SUD-OUEST ALIMENT|308|20200609|gants|1,49|0|||20200609|||20200609|BANQUE|
21|CREDIT AGRICOLE PRO|21-7676|20200609|51210000|CREDIT MUTUEL||SUD-OUEST ALIMENT|308|20200609|gants|0|286,97|||20200609|||20200609|BANQUE|
21|CREDIT AGRICOLE PRO|21-7677|20200610|60530000|TRAV/PRODUITS TRANSF||GRANDS CHAMPS|309|20200610|abattage|526,28|0|||20200610|||20200610|BANQUE|
21|CREDIT AGRICOLE PRO|21-7677|20200610|60170000|EMBALLAGES||GRANDS CHAMPS|309|20200610|sacs sous vide|17,12|0|||20200610|||20200610|BANQUE|
21|CREDIT AGRICOLE PRO|21-7677|20200610|44566000|TVA SUR AUT BIENS SE||GRANDS CHAMPS|309|20200610|abattage|28,95|0|||20200610|||20200610|BANQUE|
21|CREDIT AGRICOLE PRO|21-7677|20200610|44566000|TVA SUR AUT BIENS SE||GRANDS CHAMPS|309|20200610|sacs sous vide|3,43|0|||20200610|||20200610|BANQUE|
21|CREDIT AGRICOLE PRO|21-7677|20200610|51210000|CREDIT MUTUEL||GRANDS CHAMPS|309|20200610|sacs sous vide|0|575,78|||20200610|||20200610|BANQUE|
21|CREDIT AGRICOLE PRO|21-7678|20200610|60530000|TRAV/PRODUITS TRANSF||GRANDS CHAMPS|310|20200610|abattage|225,73|0|||20200610|||20200610|BANQUE|
21|CREDIT AGRICOLE PRO|21-7678|20200610|60170000|EMBALLAGES||GRANDS CHAMPS|310|20200610|sacs sous vide|1,67|0|||20200610|||20200610|BANQUE|
21|CREDIT AGRICOLE PRO|21-7678|20200610|44566000|TVA SUR AUT BIENS SE||GRANDS CHAMPS|310|20200610|abattage|12,41|0|||20200610|||20200610|BANQUE|
21|CREDIT AGRICOLE PRO|21-7678|20200610|44566000|TVA SUR AUT BIENS SE||GRANDS CHAMPS|310|20200610|sacs sous vide|0,33|0|||20200610|||20200610|BANQUE|
21|CREDIT AGRICOLE PRO|21-7678|20200610|51210000|CREDIT MUTUEL||GRANDS CHAMPS|310|20200610|sacs sous vide|0|240,14|||20200610|||20200610|BANQUE|
21|CREDIT AGRICOLE PRO|21-7679|20200610|60530000|TRAV/PRODUITS TRANSF||GRANDS CHAMPS|311|20200610|abattage|221,95|0|||20200610|||20200610|BANQUE|
21|CREDIT AGRICOLE PRO|21-7679|20200610|44566000|TVA SUR AUT BIENS SE||GRANDS CHAMPS|311|20200610|abattage|12,21|0|||20200610|||20200610|BANQUE|
21|CREDIT AGRICOLE PRO|21-7679|20200610|51210000|CREDIT MUTUEL||GRANDS CHAMPS|311|20200610|abattage|0|234,16|||20200610|||20200610|BANQUE|
21|CREDIT AGRICOLE PRO|21-7680|20200610|66120000|INTS EMPRUNTS LMT||BANQUE|312|20200610|INTS EMPRUNTS LMT|28,11|0|||20200610|||20200610|BANQUE|
21|CREDIT AGRICOLE PRO|21-7680|20200610|51210000|CREDIT MUTUEL||BANQUE|312|20200610|INTS EMPRUNTS LMT|0|28,11|||20200610|||20200610|BANQUE|
21|CREDIT AGRICOLE PRO|21-7681|20200610|66120000|INTS EMPRUNTS LMT||BANQUE|313|20200610|INTS EMPRUNTS LMT|33,12|0|||20200610|||20200610|BANQUE|
21|CREDIT AGRICOLE PRO|21-7681|20200610|51210000|CREDIT MUTUEL||BANQUE|313|20200610|INTS EMPRUNTS LMT|0|33,12|||20200610|||20200610|BANQUE|
21|CREDIT AGRICOLE PRO|21-7682|20200611|10800000|COMPTE DE L EXPLOITA||MOI|314|20200611|COMPTE DE L EXPLOITANT|73|0|||20200611|||20200611|BANQUE|
21|CREDIT AGRICOLE PRO|21-7682|20200611|51210000|CREDIT MUTUEL||MOI|314|20200611|COMPTE DE L EXPLOITANT|0|73|||20200611|||20200611|BANQUE|
21|CREDIT AGRICOLE PRO|21-7683|20200611|60630000|ELECTRICITE||EDF|315|20200611|ELECTRICITE|652,25|0|||20200611|||20200611|BANQUE|
21|CREDIT AGRICOLE PRO|21-7683|20200611|44566000|TVA SUR AUT BIENS SE||EDF|315|20200611|ELECTRICITE|109,51|0|||20200611|||20200611|BANQUE|
21|CREDIT AGRICOLE PRO|21-7683|20200611|51210000|CREDIT MUTUEL||EDF|315|20200611|ELECTRICITE|0|761,76|||20200611|||20200611|BANQUE|
21|CREDIT AGRICOLE PRO|21-7684|20200612|60400000|ACHATS D ANIMAUX||MISSON|316|20200612|ANIMAUX|361,8|0|||20200612|||20200612|BANQUE|
21|CREDIT AGRICOLE PRO|21-7684|20200612|44566000|TVA SUR AUT BIENS SE||MISSON|316|20200612|ANIMAUX|36,18|0|||20200612|||20200612|BANQUE|
21|CREDIT AGRICOLE PRO|21-7684|20200612|51210000|CREDIT MUTUEL||MISSON|316|20200612|ANIMAUX|0|397,98|||20200612|||20200612|BANQUE|
21|CREDIT AGRICOLE PRO|21-7685|20200615|60180000|COMBUSTIBLES||LECLERC|317|20200615|GAZ COMBUSTIBLE|29,25|0|||20200615|||20200615|BANQUE|
21|CREDIT AGRICOLE PRO|21-7685|20200615|44566000|TVA SUR AUT BIENS SE||LECLERC|317|20200615|GAZ COMBUSTIBLE|5,85|0|||20200615|||20200615|BANQUE|
21|CREDIT AGRICOLE PRO|21-7685|20200615|51210000|CREDIT MUTUEL||LECLERC|317|20200615|GAZ COMBUSTIBLE|0|35,1|||20200615|||20200615|BANQUE|
21|CREDIT AGRICOLE PRO|21-7686|20200615|61680000|ASSUR. AUTRES. (ADI)||PACIFICA ASSU|318|20200615|ASSUR. AUTRES. (ADI)|27,5|0|||20200615|||20200615|BANQUE|
21|CREDIT AGRICOLE PRO|21-7686|20200615|51210000|CREDIT MUTUEL||PACIFICA ASSU|318|20200615|ASSUR. AUTRES. (ADI)|0|27,5|||20200615|||20200615|BANQUE|
21|CREDIT AGRICOLE PRO|21-7687|20200616|70200000|VENTES PRODUITS ANIM||VENTES|319|20200616|PRODUITS ANIMAUX|0|262|||20200616|||20200616|BANQUE|
21|CREDIT AGRICOLE PRO|21-7687|20200616|44571000|TVA COLLECTEE ENCAIS||VENTES|319|20200616|PRODUITS ANIMAUX|0|14,41|||20200616|||20200616|BANQUE|
21|CREDIT AGRICOLE PRO|21-7687|20200616|51210000|CREDIT MUTUEL||VENTES|319|20200616|PRODUITS ANIMAUX|276,41|0|||20200616|||20200616|BANQUE|
21|CREDIT AGRICOLE PRO|21-7688|20200616|60640000|CARBURANTS A LA POMP||INTERMARCHÉ|320|20200616|CARBURANTS A LA POMPE|61,71|0|||20200616|||20200616|BANQUE|
21|CREDIT AGRICOLE PRO|21-7688|20200616|44566000|TVA SUR AUT BIENS SE||INTERMARCHÉ|320|20200616|CARBURANTS A LA POMPE|12,34|0|||20200616|||20200616|BANQUE|
21|CREDIT AGRICOLE PRO|21-7688|20200616|51210000|CREDIT MUTUEL||INTERMARCHÉ|320|20200616|CARBURANTS A LA POMPE|0|74,05|||20200616|||20200616|BANQUE|
21|CREDIT AGRICOLE PRO|21-7689|20200617|62510000|VOYAGES ET DEPLACEME||LE BONTEMPS|321|20200617|VOYAGES ET DEPLACEMENTS|9,08|0|||20200617|||20200617|BANQUE|
21|CREDIT AGRICOLE PRO|21-7689|20200617|62510000|VOYAGES ET DEPLACEME||LE BONTEMPS|321|20200617|VOYAGES ET DEPLACEMENTS|51,64|0|||20200617|||20200617|BANQUE|
21|CREDIT AGRICOLE PRO|21-7689|20200617|44566000|TVA SUR AUT BIENS SE||LE BONTEMPS|321|20200617|VOYAGES ET DEPLACEMENTS|1,82|0|||20200617|||20200617|BANQUE|
21|CREDIT AGRICOLE PRO|21-7689|20200617|44566000|TVA SUR AUT BIENS SE||LE BONTEMPS|321|20200617|VOYAGES ET DEPLACEMENTS|5,16|0|||20200617|||20200617|BANQUE|
21|CREDIT AGRICOLE PRO|21-7689|20200617|51210000|CREDIT MUTUEL||LE BONTEMPS|321|20200617|VOYAGES ET DEPLACEMENTS|0|67,7|||20200617|||20200617|BANQUE|
21|CREDIT AGRICOLE PRO|21-7690|20200617|62220000|COMMISSIONS SUR VENT||PANIER LOCAL|322|20200617|panier local|30|0|||20200617|||20200617|BANQUE|
21|CREDIT AGRICOLE PRO|21-7690|20200617|44566000|TVA SUR AUT BIENS SE||PANIER LOCAL|322|20200617|panier local|6|0|||20200617|||20200617|BANQUE|
21|CREDIT AGRICOLE PRO|21-7690|20200617|51210000|CREDIT MUTUEL||PANIER LOCAL|322|20200617|panier local|0|36|||20200617|||20200617|BANQUE|
21|CREDIT AGRICOLE PRO|21-7691|20200618|60400000|ACHATS D ANIMAUX||PPOUSSINIÈRE|323|20200618|ANIMAUX|900|0|||20200618|||20200618|BANQUE|
21|CREDIT AGRICOLE PRO|21-7691|20200618|44566000|TVA SUR AUT BIENS SE||PPOUSSINIÈRE|323|20200618|ANIMAUX|90|0|||20200618|||20200618|BANQUE|
21|CREDIT AGRICOLE PRO|21-7691|20200618|51210000|CREDIT MUTUEL||PPOUSSINIÈRE|323|20200618|ANIMAUX|0|990|||20200618|||20200618|BANQUE|
21|CREDIT AGRICOLE PRO|21-7692|20200618|60400000|ACHATS D ANIMAUX||SOCAVIC|324|20200618|ANIMAUX|186|0|||20200618|||20200618|BANQUE|
21|CREDIT AGRICOLE PRO|21-7692|20200618|44566000|TVA SUR AUT BIENS SE||SOCAVIC|324|20200618|ANIMAUX|18,6|0|||20200618|||20200618|BANQUE|
21|CREDIT AGRICOLE PRO|21-7692|20200618|51210000|CREDIT MUTUEL||SOCAVIC|324|20200618|ANIMAUX|0|204,6|||20200618|||20200618|BANQUE|
21|CREDIT AGRICOLE PRO|21-7693|20200618|60400000|ACHATS D ANIMAUX||SOCAVIC|325|20200618|ANIMAUX|46,5|0|||20200618|||20200618|BANQUE|
21|CREDIT AGRICOLE PRO|21-7693|20200618|44566000|TVA SUR AUT BIENS SE||SOCAVIC|325|20200618|ANIMAUX|4,65|0|||20200618|||20200618|BANQUE|
21|CREDIT AGRICOLE PRO|21-7693|20200618|51210000|CREDIT MUTUEL||SOCAVIC|325|20200618|ANIMAUX|0|51,15|||20200618|||20200618|BANQUE|
21|CREDIT AGRICOLE PRO|21-7694|20200618|60400000|ACHATS D ANIMAUX||SOCAVIC|326|20200618|ANIMAUX|186|0|||20200618|||20200618|BANQUE|
21|CREDIT AGRICOLE PRO|21-7694|20200618|44566000|TVA SUR AUT BIENS SE||SOCAVIC|326|20200618|ANIMAUX|18,6|0|||20200618|||20200618|BANQUE|
21|CREDIT AGRICOLE PRO|21-7694|20200618|51210000|CREDIT MUTUEL||SOCAVIC|326|20200618|ANIMAUX|0|204,6|||20200618|||20200618|BANQUE|
21|CREDIT AGRICOLE PRO|21-7695|20200619|60240000|FOURNIT BUREAU||BUREAU VALLEE|327|20200619|Fournitures bureau|13,55|0|||20200619|||20200619|BANQUE|
21|CREDIT AGRICOLE PRO|21-7695|20200619|60250000|FOURNIT PERSON.||BUREAU VALLEE|327|20200619|Masques|13,25|0|||20200619|||20200619|BANQUE|
21|CREDIT AGRICOLE PRO|21-7695|20200619|44566000|TVA SUR AUT BIENS SE||BUREAU VALLEE|327|20200619|Fournitures bureau|2,71|0|||20200619|||20200619|BANQUE|
21|CREDIT AGRICOLE PRO|21-7695|20200619|44566000|TVA SUR AUT BIENS SE||BUREAU VALLEE|327|20200619|Masques|0,73|0|||20200619|||20200619|BANQUE|
21|CREDIT AGRICOLE PRO|21-7695|20200619|51210000|CREDIT MUTUEL||BUREAU VALLEE|327|20200619|Masques|0|30,24|||20200619|||20200619|BANQUE|
21|CREDIT AGRICOLE PRO|21-7696|20200619|60640000|CARBURANTS A LA POMP||INTERMARCHÉ|328|20200619|CARBURANTS A LA POMPE|62,63|0|||20200619|||20200619|BANQUE|
21|CREDIT AGRICOLE PRO|21-7696|20200619|44566000|TVA SUR AUT BIENS SE||INTERMARCHÉ|328|20200619|CARBURANTS A LA POMPE|12,53|0|||20200619|||20200619|BANQUE|
21|CREDIT AGRICOLE PRO|21-7696|20200619|51210000|CREDIT MUTUEL||INTERMARCHÉ|328|20200619|CARBURANTS A LA POMPE|0|75,16|||20200619|||20200619|BANQUE|
21|CREDIT AGRICOLE PRO|21-7697|20200619|60140000|ALIMENTS DU BETAIL||SUD-OUEST ALIMENT|329|20200619|Aliment|18,32|0|||20200619|||20200619|BANQUE|
21|CREDIT AGRICOLE PRO|21-7697|20200619|44566000|TVA SUR AUT BIENS SE||SUD-OUEST ALIMENT|329|20200619|Aliment|1,83|0|||20200619|||20200619|BANQUE|
21|CREDIT AGRICOLE PRO|21-7697|20200619|51210000|CREDIT MUTUEL||SUD-OUEST ALIMENT|329|20200619|Aliment|0|20,15|||20200619|||20200619|BANQUE|
21|CREDIT AGRICOLE PRO|21-7698|20200620|60140000|ALIMENTS DU BETAIL||SUD-OUEST ALIMENT|330|20200620|Aliment|454,31|0|||20200620|||20200620|BANQUE|
21|CREDIT AGRICOLE PRO|21-7698|20200620|60660000|PETIT MAT. ET OUTILL||SUD-OUEST ALIMENT|330|20200620|Ciseaux volaille|11,63|0|||20200620|||20200620|BANQUE|
21|CREDIT AGRICOLE PRO|21-7698|20200620|44566000|TVA SUR AUT BIENS SE||SUD-OUEST ALIMENT|330|20200620|Aliment|45,43|0|||20200620|||20200620|BANQUE|
21|CREDIT AGRICOLE PRO|21-7698|20200620|44566000|TVA SUR AUT BIENS SE||SUD-OUEST ALIMENT|330|20200620|Ciseaux volaille|2,33|0|||20200620|||20200620|BANQUE|
21|CREDIT AGRICOLE PRO|21-7698|20200620|51210000|CREDIT MUTUEL||SUD-OUEST ALIMENT|330|20200620|Ciseaux volaille|0|513,7|||20200620|||20200620|BANQUE|
21|CREDIT AGRICOLE PRO|21-7699|20200622|10800000|COMPTE DE L EXPLOITA||BOULANGERIE|331|20200622|Repas|11,2|0|||20200622|||20200622|BANQUE|
21|CREDIT AGRICOLE PRO|21-7699|20200622|51210000|CREDIT MUTUEL||BOULANGERIE|331|20200622|Repas|0|11,2|||20200622|||20200622|BANQUE|
21|CREDIT AGRICOLE PRO|21-7700|20200622|10800000|COMPTE DE L EXPLOITA||BOULANGERIE|332|20200622|Repas|11,2|0|||20200622|||20200622|BANQUE|
21|CREDIT AGRICOLE PRO|21-7700|20200622|51210000|CREDIT MUTUEL||BOULANGERIE|332|20200622|Repas|0|11,2|||20200622|||20200622|BANQUE|
21|CREDIT AGRICOLE PRO|21-7701|20200623|60400000|ACHATS D ANIMAUX||DUPUY REGIS|333|20200623|ANIMAUX|180|0|||20200623|||20200623|BANQUE|
21|CREDIT AGRICOLE PRO|21-7701|20200623|44566000|TVA SUR AUT BIENS SE||DUPUY REGIS|333|20200623|ANIMAUX|18|0|||20200623|||20200623|BANQUE|
21|CREDIT AGRICOLE PRO|21-7701|20200623|51210000|CREDIT MUTUEL||DUPUY REGIS|333|20200623|ANIMAUX|0|198|||20200623|||20200623|BANQUE|
21|CREDIT AGRICOLE PRO|21-3805|20200624|70200000|VENTES PRODUITS ANIM||VENTES|337|20200624|PRODUITS ANIMAUX|0|136,06|||20200624|||20200624|BANQUE|
21|CREDIT AGRICOLE PRO|21-3805|20200624|44571000|TVA COLLECTEE ENCAIS||VENTES|337|20200624|PRODUITS ANIMAUX|0|7,49|||20200624|||20200624|BANQUE|
21|CREDIT AGRICOLE PRO|21-3805|20200624|51210000|CREDIT MUTUEL||VENTES|337|20200624|PRODUITS ANIMAUX|143,55|0|||20200624|||20200624|BANQUE|
21|CREDIT AGRICOLE PRO|21-3806|20200624|70200000|VENTES PRODUITS ANIM||VENTES|338|20200624|PRODUITS ANIMAUX|0|129,77|||20200624|||20200624|BANQUE|
21|CREDIT AGRICOLE PRO|21-3806|20200624|44571000|TVA COLLECTEE ENCAIS||VENTES|338|20200624|PRODUITS ANIMAUX|0|7,13|||20200624|||20200624|BANQUE|
21|CREDIT AGRICOLE PRO|21-3806|20200624|51210000|CREDIT MUTUEL||VENTES|338|20200624|PRODUITS ANIMAUX|136,9|0|||20200624|||20200624|BANQUE|
21|CREDIT AGRICOLE PRO|21-3807|20200624|70200000|VENTES PRODUITS ANIM||VENTES|339|20200624|PRODUITS ANIMAUX|0|127,58|||20200624|||20200624|BANQUE|
21|CREDIT AGRICOLE PRO|21-3807|20200624|44571000|TVA COLLECTEE ENCAIS||VENTES|339|20200624|PRODUITS ANIMAUX|0|7,02|||20200624|||20200624|BANQUE|
21|CREDIT AGRICOLE PRO|21-3807|20200624|51210000|CREDIT MUTUEL||VENTES|339|20200624|PRODUITS ANIMAUX|134,6|0|||20200624|||20200624|BANQUE|
21|CREDIT AGRICOLE PRO|21-3808|20200624|70200000|VENTES PRODUITS ANIM||VENTES|340|20200624|PRODUITS ANIMAUX|0|157,91|||20200624|||20200624|BANQUE|
21|CREDIT AGRICOLE PRO|21-3808|20200624|44571000|TVA COLLECTEE ENCAIS||VENTES|340|20200624|PRODUITS ANIMAUX|0|8,69|||20200624|||20200624|BANQUE|
21|CREDIT AGRICOLE PRO|21-3808|20200624|51210000|CREDIT MUTUEL||VENTES|340|20200624|PRODUITS ANIMAUX|166,6|0|||20200624|||20200624|BANQUE|
21|CREDIT AGRICOLE PRO|21-3809|20200624|70200000|VENTES PRODUITS ANIM||VENTES|341|20200624|PRODUITS ANIMAUX|0|152,8|||20200624|||20200624|BANQUE|
21|CREDIT AGRICOLE PRO|21-3809|20200624|44571000|TVA COLLECTEE ENCAIS||VENTES|341|20200624|PRODUITS ANIMAUX|0|8,4|||20200624|||20200624|BANQUE|
21|CREDIT AGRICOLE PRO|21-3809|20200624|51210000|CREDIT MUTUEL||VENTES|341|20200624|PRODUITS ANIMAUX|161,2|0|||20200624|||20200624|BANQUE|
21|CREDIT AGRICOLE PRO|21-3810|20200624|70200000|VENTES PRODUITS ANIM||VENTES|342|20200624|PRODUITS ANIMAUX|0|881,52|||20200624|||20200624|BANQUE|
21|CREDIT AGRICOLE PRO|21-3810|20200624|44571000|TVA COLLECTEE ENCAIS||VENTES|342|20200624|PRODUITS ANIMAUX|0|48,48|||20200624|||20200624|BANQUE|
21|CREDIT AGRICOLE PRO|21-3810|20200624|51210000|CREDIT MUTUEL||VENTES|342|20200624|PRODUITS ANIMAUX|930|0|||20200624|||20200624|BANQUE|
21|CREDIT AGRICOLE PRO|21-3811|20200624|60400000|ACHATS D ANIMAUX||MISSON|343|20200624|ANIMAUX|769,2|0|||20200624|||20200624|BANQUE|
21|CREDIT AGRICOLE PRO|21-3811|20200624|44566000|TVA SUR AUT BIENS SE||MISSON|343|20200624|ANIMAUX|76,92|0|||20200624|||20200624|BANQUE|
21|CREDIT AGRICOLE PRO|21-3811|20200624|51210000|CREDIT MUTUEL||MISSON|343|20200624|ANIMAUX|0|846,12|||20200624|||20200624|BANQUE|
21|CREDIT AGRICOLE PRO|21-3812|20200624|60640000|CARBURANTS A LA POMP||INTERMARCHÉ|344|20200624|CARBURANTS A LA POMPE|66,67|0|||20200624|||20200624|BANQUE|
21|CREDIT AGRICOLE PRO|21-3812|20200624|44566000|TVA SUR AUT BIENS SE||INTERMARCHÉ|344|20200624|CARBURANTS A LA POMPE|13,33|0|||20200624|||20200624|BANQUE|
21|CREDIT AGRICOLE PRO|21-3812|20200624|51210000|CREDIT MUTUEL||INTERMARCHÉ|344|20200624|CARBURANTS A LA POMPE|0|80|||20200624|||20200624|BANQUE|
21|CREDIT AGRICOLE PRO|21-7702|20200624|70200000|VENTES PRODUITS ANIM||VENTE|334|20200624|PRODUITS ANIMAUX|0|80,57|||20200624|||20200624|BANQUE|
21|CREDIT AGRICOLE PRO|21-7702|20200624|44571000|TVA COLLECTEE ENCAIS||VENTE|334|20200624|PRODUITS ANIMAUX|0|4,43|||20200624|||20200624|BANQUE|
21|CREDIT AGRICOLE PRO|21-7702|20200624|51210000|CREDIT MUTUEL||VENTE|334|20200624|PRODUITS ANIMAUX|85|0|||20200624|||20200624|BANQUE|
21|CREDIT AGRICOLE PRO|21-7703|20200624|70200000|VENTES PRODUITS ANIM||VENTE|335|20200624|PRODUITS ANIMAUX|0|141,33|||20200624|||20200624|BANQUE|
21|CREDIT AGRICOLE PRO|21-7703|20200624|44571000|TVA COLLECTEE ENCAIS||VENTE|335|20200624|PRODUITS ANIMAUX|0|7,77|||20200624|||20200624|BANQUE|
21|CREDIT AGRICOLE PRO|21-7703|20200624|51210000|CREDIT MUTUEL||VENTE|335|20200624|PRODUITS ANIMAUX|149,1|0|||20200624|||20200624|BANQUE|
21|CREDIT AGRICOLE PRO|21-7704|20200624|70200000|VENTES PRODUITS ANIM||VENTE|336|20200624|PRODUITS ANIMAUX|0|143,13|||20200624|||20200624|BANQUE|
21|CREDIT AGRICOLE PRO|21-7704|20200624|44571000|TVA COLLECTEE ENCAIS||VENTE|336|20200624|PRODUITS ANIMAUX|0|7,87|||20200624|||20200624|BANQUE|
21|CREDIT AGRICOLE PRO|21-7704|20200624|51210000|CREDIT MUTUEL||VENTE|336|20200624|PRODUITS ANIMAUX|151|0|||20200624|||20200624|BANQUE|
21|CREDIT AGRICOLE PRO|21-3813|20200625|61680000|ASSUR. AUTRES. (ADI)||PREDICA|345|20200625|ASSUR. AUTRES. (ADI)|35,44|0|||20200625|||20200625|BANQUE|
21|CREDIT AGRICOLE PRO|21-3813|20200625|51210000|CREDIT MUTUEL||PREDICA|345|20200625|ASSUR. AUTRES. (ADI)|0|35,44|||20200625|||20200625|BANQUE|
21|CREDIT AGRICOLE PRO|21-3814|20200626|60660000|PETIT MAT. ET OUTILL||THIBAL|346|20200626|Cable et autre racord edf|322,23|0|||20200626|||20200626|BANQUE|
21|CREDIT AGRICOLE PRO|21-3814|20200626|44566000|TVA SUR AUT BIENS SE||THIBAL|346|20200626|Cable et autre racord edf|64,45|0|||20200626|||20200626|BANQUE|
21|CREDIT AGRICOLE PRO|21-3814|20200626|51210000|CREDIT MUTUEL||THIBAL|346|20200626|Cable et autre racord edf|0|386,68|||20200626|||20200626|BANQUE|
21|CREDIT AGRICOLE PRO|21-3815|20200629|60640000|CARBURANTS A LA POMP||INTERMARCHÉ|347|20200629|CARBURANTS A LA POMPE|62,7|0|||20200629|||20200629|BANQUE|
21|CREDIT AGRICOLE PRO|21-3815|20200629|44566000|TVA SUR AUT BIENS SE||INTERMARCHÉ|347|20200629|CARBURANTS A LA POMPE|12,54|0|||20200629|||20200629|BANQUE|
21|CREDIT AGRICOLE PRO|21-3815|20200629|51210000|CREDIT MUTUEL||INTERMARCHÉ|347|20200629|CARBURANTS A LA POMPE|0|75,24|||20200629|||20200629|BANQUE|
91|O.D.  CENTRALISAT. TVA|91-3960|20200630|44551000|ETAT TVA A DECAISSER||TVA|TVA|20200630|CA3 (solde) Juin|0|844|||20200630|||20200630||
91|O.D.  CENTRALISAT. TVA|91-3960|20200630|44583000|TVA REMBOURST DEMAND||TVA|TVA|20200630|CA3 (solde) Juin|844|0|||20200630|||20200630||
91|O.D.  CENTRALISAT. TVA|91-3960|20200630|44566000|TVA SUR AUT BIENS SE||TVA|TVA|20200630|TVA DEDUCTIBLE|0|1705,45|||20200630|||20200630||
91|O.D.  CENTRALISAT. TVA|91-3960|20200630|44551000|ETAT TVA A DECAISSER||TVA|TVA|20200630|TVA/VENTES|0|861|||20200630|||20200630||
91|O.D.  CENTRALISAT. TVA|91-3960|20200630|44571000|TVA COLLECTEE ENCAIS||TVA|TVA|20200630|TVA/VENTES|861,18|0|||20200630|||20200630||
91|O.D.  CENTRALISAT. TVA|91-3960|20200630|44551000|ETAT TVA A DECAISSER||TVA|TVA|20200630|TVA DEDUCTIBLE|1705|0|||20200630|||20200630||
91|O.D.  CENTRALISAT. TVA|91-3960|20200630|65800000|CHARG.GEST.COUR(ARRO||TVA|TVA|20200630|Ajustement arrondi|0,27|0|||20200630|||20200630||
96|DETTES FIN EXER 401|96-8802|20200630|60400000|ACHATS D ANIMAUX||DETTES FIN EXER 401|D1|20200630|ANIMAUX|204,6|0|||20200630|||20200630||
96|DETTES FIN EXER 401|96-8802|20200630|40199999|FOURNISSEURS EXPLOIT||DETTES FIN EXER 401|D1|20200630|ANIMAUX|0|204,6|||20200630|||20200630||
21|CREDIT AGRICOLE PRO|21-7757|20200701|61680000|ASSUR. AUTRES. (ADI)||PACIFICA ASSU|348|20200701|ASSUR. AUTRES. (ADI)|86,74|0|||20200701|||20200701|BANQUE|
21|CREDIT AGRICOLE PRO|21-7757|20200701|51210000|CREDIT MUTUEL||PACIFICA ASSU|348|20200701|ASSUR. AUTRES. (ADI)|0|86,74|||20200701|||20200701|BANQUE|
21|CREDIT AGRICOLE PRO|21-7758|20200702|60140000|ALIMENTS DU BETAIL||SUD-OUEST ALIMENT|349|20200702|Aliment|348|0|||20200702|||20200702|BANQUE|
21|CREDIT AGRICOLE PRO|21-7758|20200702|44566000|TVA SUR AUT BIENS SE||SUD-OUEST ALIMENT|349|20200702|Aliment|34,81|0|||20200702|||20200702|BANQUE|
21|CREDIT AGRICOLE PRO|21-7758|20200702|51210000|CREDIT MUTUEL||SUD-OUEST ALIMENT|349|20200702|Aliment|0|382,81|||20200702|||20200702|BANQUE|
21|CREDIT AGRICOLE PRO|21-7759|20200702|60180000|COMBUSTIBLES||LECLERC|350|20200702|Gaz|29,25|0|||20200702|||20200702|BANQUE|
21|CREDIT AGRICOLE PRO|21-7759|20200702|44566000|TVA SUR AUT BIENS SE||LECLERC|350|20200702|Gaz|5,85|0|||20200702|||20200702|BANQUE|
21|CREDIT AGRICOLE PRO|21-7759|20200702|51210000|CREDIT MUTUEL||LECLERC|350|20200702|Gaz|0|35,1|||20200702|||20200702|BANQUE|
21|CREDIT AGRICOLE PRO|21-7760|20200702|61680000|ASSUR. AUTRES. (ADI)||PACIFICA ASSU|351|20200702|ASSUR. AUTRES. (ADI)|21,79|0|||20200702|||20200702|BANQUE|
21|CREDIT AGRICOLE PRO|21-7760|20200702|51210000|CREDIT MUTUEL||PACIFICA ASSU|351|20200702|ASSUR. AUTRES. (ADI)|0|21,79|||20200702|||20200702|BANQUE|
21|CREDIT AGRICOLE PRO|21-7761|20200704|60400000|ACHATS D ANIMAUX||MISSON|352|20200704|ANIMAUX|378|0|||20200704|||20200704|BANQUE|
21|CREDIT AGRICOLE PRO|21-7761|20200704|44566000|TVA SUR AUT BIENS SE||MISSON|352|20200704|ANIMAUX|37,8|0|||20200704|||20200704|BANQUE|
21|CREDIT AGRICOLE PRO|21-7761|20200704|51210000|CREDIT MUTUEL||MISSON|352|20200704|ANIMAUX|0|415,8|||20200704|||20200704|BANQUE|
21|CREDIT AGRICOLE PRO|21-7762|20200705|60640000|CARBURANTS A LA POMP||INTERMARCHÉ|353|20200705|CARBURANTS A LA POMPE|65,3|0|||20200705|||20200705|BANQUE|
21|CREDIT AGRICOLE PRO|21-7762|20200705|44566000|TVA SUR AUT BIENS SE||INTERMARCHÉ|353|20200705|CARBURANTS A LA POMPE|13,06|0|||20200705|||20200705|BANQUE|
21|CREDIT AGRICOLE PRO|21-7762|20200705|51210000|CREDIT MUTUEL||INTERMARCHÉ|353|20200705|CARBURANTS A LA POMPE|0|78,36|||20200705|||20200705|BANQUE|
21|CREDIT AGRICOLE PRO|21-7763|20200706|60140000|ALIMENTS DU BETAIL||SUD-OUEST ALIMENT|354|20200706|Copeaux|9,96|0|||20200706|||20200706|BANQUE|
21|CREDIT AGRICOLE PRO|21-7763|20200706|60140000|ALIMENTS DU BETAIL||SUD-OUEST ALIMENT|354|20200706|Aliment|183,23|0|||20200706|||20200706|BANQUE|
21|CREDIT AGRICOLE PRO|21-7763|20200706|44566000|TVA SUR AUT BIENS SE||SUD-OUEST ALIMENT|354|20200706|Copeaux|1,99|0|||20200706|||20200706|BANQUE|
21|CREDIT AGRICOLE PRO|21-7763|20200706|44566000|TVA SUR AUT BIENS SE||SUD-OUEST ALIMENT|354|20200706|Aliment|18,32|0|||20200706|||20200706|BANQUE|
21|CREDIT AGRICOLE PRO|21-7763|20200706|51210000|CREDIT MUTUEL||SUD-OUEST ALIMENT|354|20200706|Aliment|0|213,5|||20200706|||20200706|BANQUE|
21|CREDIT AGRICOLE PRO|21-7764|20200707|70200000|VENTES PRODUITS ANIM||VENTE|355|20200707|PRODUITS ANIMAUX|0|120,94|||20200707|||20200707|BANQUE|
21|CREDIT AGRICOLE PRO|21-7764|20200707|44571000|TVA COLLECTEE ENCAIS||VENTE|355|20200707|PRODUITS ANIMAUX|0|6,66|||20200707|||20200707|BANQUE|
21|CREDIT AGRICOLE PRO|21-7764|20200707|51210000|CREDIT MUTUEL||VENTE|355|20200707|PRODUITS ANIMAUX|127,6|0|||20200707|||20200707|BANQUE|
21|CREDIT AGRICOLE PRO|21-7765|20200707|70200000|VENTES PRODUITS ANIM||VENTE|356|20200707|PRODUITS ANIMAUX|0|815,5|||20200707|||20200707|BANQUE|
21|CREDIT AGRICOLE PRO|21-7765|20200707|44571000|TVA COLLECTEE ENCAIS||VENTE|356|20200707|PRODUITS ANIMAUX|0|44,86|||20200707|||20200707|BANQUE|
21|CREDIT AGRICOLE PRO|21-7765|20200707|51210000|CREDIT MUTUEL||VENTE|356|20200707|PRODUITS ANIMAUX|860,36|0|||20200707|||20200707|BANQUE|
21|CREDIT AGRICOLE PRO|21-7766|20200707|70200000|VENTES PRODUITS ANIM||VENTE|357|20200707|PRODUITS ANIMAUX|0|186,63|||20200707|||20200707|BANQUE|
21|CREDIT AGRICOLE PRO|21-7766|20200707|44571000|TVA COLLECTEE ENCAIS||VENTE|357|20200707|PRODUITS ANIMAUX|0|10,27|||20200707|||20200707|BANQUE|
21|CREDIT AGRICOLE PRO|21-7766|20200707|51210000|CREDIT MUTUEL||VENTE|357|20200707|PRODUITS ANIMAUX|196,9|0|||20200707|||20200707|BANQUE|
21|CREDIT AGRICOLE PRO|21-7767|20200707|70200000|VENTES PRODUITS ANIM||VENTE|358|20200707|PRODUITS ANIMAUX|0|165,99|||20200707|||20200707|BANQUE|
21|CREDIT AGRICOLE PRO|21-7767|20200707|44571000|TVA COLLECTEE ENCAIS||VENTE|358|20200707|PRODUITS ANIMAUX|0|9,13|||20200707|||20200707|BANQUE|
21|CREDIT AGRICOLE PRO|21-7767|20200707|51210000|CREDIT MUTUEL||VENTE|358|20200707|PRODUITS ANIMAUX|175,12|0|||20200707|||20200707|BANQUE|
21|CREDIT AGRICOLE PRO|21-7768|20200707|70200000|VENTES PRODUITS ANIM||VENTE|359|20200707|PRODUITS ANIMAUX|0|56,11|||20200707|||20200707|BANQUE|
21|CREDIT AGRICOLE PRO|21-7768|20200707|44571000|TVA COLLECTEE ENCAIS||VENTE|359|20200707|PRODUITS ANIMAUX|0|3,09|||20200707|||20200707|BANQUE|
21|CREDIT AGRICOLE PRO|21-7768|20200707|51210000|CREDIT MUTUEL||VENTE|359|20200707|PRODUITS ANIMAUX|59,2|0|||20200707|||20200707|BANQUE|
21|CREDIT AGRICOLE PRO|21-7769|20200707|60250000|FOURNIT PERSON.||BRICOMARCHÉ|360|20200707|masques|11,36|0|||20200707|||20200707|BANQUE|
21|CREDIT AGRICOLE PRO|21-7769|20200707|60660000|PETIT MAT. ET OUTILL||BRICOMARCHÉ|360|20200707|Visserie|27,31|0|||20200707|||20200707|BANQUE|
21|CREDIT AGRICOLE PRO|21-7769|20200707|44566000|TVA SUR AUT BIENS SE||BRICOMARCHÉ|360|20200707|masques|0,62|0|||20200707|||20200707|BANQUE|
21|CREDIT AGRICOLE PRO|21-7769|20200707|44566000|TVA SUR AUT BIENS SE||BRICOMARCHÉ|360|20200707|Visserie|5,46|0|||20200707|||20200707|BANQUE|
21|CREDIT AGRICOLE PRO|21-7769|20200707|51210000|CREDIT MUTUEL||BRICOMARCHÉ|360|20200707|Visserie|0|44,75|||20200707|||20200707|BANQUE|
21|CREDIT AGRICOLE PRO|21-7770|20200707|60640000|CARBURANTS A LA POMP||INTERMARCHÉ|361|20200707|CARBURANTS A LA POMPE|29,58|0|||20200707|||20200707|BANQUE|
21|CREDIT AGRICOLE PRO|21-7770|20200707|44566000|TVA SUR AUT BIENS SE||INTERMARCHÉ|361|20200707|CARBURANTS A LA POMPE|5,92|0|||20200707|||20200707|BANQUE|
21|CREDIT AGRICOLE PRO|21-7770|20200707|51210000|CREDIT MUTUEL||INTERMARCHÉ|361|20200707|CARBURANTS A LA POMPE|0|35,5|||20200707|||20200707|BANQUE|
21|CREDIT AGRICOLE PRO|21-7771|20200708|70200000|VENTES PRODUITS ANIM||VENTES|362|20200708|PRODUITS ANIMAUX|0|236,96|||20200708|||20200708|BANQUE|
21|CREDIT AGRICOLE PRO|21-7771|20200708|44571000|TVA COLLECTEE ENCAIS||VENTES|362|20200708|PRODUITS ANIMAUX|0|13,04|||20200708|||20200708|BANQUE|
21|CREDIT AGRICOLE PRO|21-7771|20200708|51210000|CREDIT MUTUEL||VENTES|362|20200708|PRODUITS ANIMAUX|250|0|||20200708|||20200708|BANQUE|
21|CREDIT AGRICOLE PRO|21-7772|20200709|62510000|VOYAGES ET DEPLACEME||RESTO|363|20200709|Repas apres aide cloture|95,82|0|||20200709|||20200709|BANQUE|
21|CREDIT AGRICOLE PRO|21-7772|20200709|62510000|VOYAGES ET DEPLACEME||RESTO|363|20200709|Repas|20,83|0|||20200709|||20200709|BANQUE|
21|CREDIT AGRICOLE PRO|21-7772|20200709|44566000|TVA SUR AUT BIENS SE||RESTO|363|20200709|Repas apres aide cloture|9,58|0|||20200709|||20200709|BANQUE|
21|CREDIT AGRICOLE PRO|21-7772|20200709|44566000|TVA SUR AUT BIENS SE||RESTO|363|20200709|Repas|4,17|0|||20200709|||20200709|BANQUE|
21|CREDIT AGRICOLE PRO|21-7772|20200709|51210000|CREDIT MUTUEL||RESTO|363|20200709|Repas|0|130,4|||20200709|||20200709|BANQUE|
21|CREDIT AGRICOLE PRO|21-7773|20200710|60280000|MATIERES PREMIERES||BARRETEAU|364|20200710|Copeaux|223,2|0|||20200710|||20200710|BANQUE|
21|CREDIT AGRICOLE PRO|21-7773|20200710|44566000|TVA SUR AUT BIENS SE||BARRETEAU|364|20200710|Copeaux|44,64|0|||20200710|||20200710|BANQUE|
21|CREDIT AGRICOLE PRO|21-7773|20200710|51210000|CREDIT MUTUEL||BARRETEAU|364|20200710|Copeaux|0|267,84|||20200710|||20200710|BANQUE|
21|CREDIT AGRICOLE PRO|21-7774|20200710|61550000|ENTRETIEN MATER. INS||COTE ROUTE|365|20200710|Entretien fourgon|280,2|0|||20200710|||20200710|BANQUE|
21|CREDIT AGRICOLE PRO|21-7774|20200710|44566000|TVA SUR AUT BIENS SE||COTE ROUTE|365|20200710|Entretien fourgon|56,04|0|||20200710|||20200710|BANQUE|
21|CREDIT AGRICOLE PRO|21-7774|20200710|51210000|CREDIT MUTUEL||COTE ROUTE|365|20200710|Entretien fourgon|0|336,24|||20200710|||20200710|BANQUE|
21|CREDIT AGRICOLE PRO|21-7775|20200710|60640000|CARBURANTS A LA POMP||INTERMARCHÉ|366|20200710|CARBURANTS A LA POMPE|63,35|0|||20200710|||20200710|BANQUE|
21|CREDIT AGRICOLE PRO|21-7775|20200710|44566000|TVA SUR AUT BIENS SE||INTERMARCHÉ|366|20200710|CARBURANTS A LA POMPE|12,67|0|||20200710|||20200710|BANQUE|
21|CREDIT AGRICOLE PRO|21-7775|20200710|51210000|CREDIT MUTUEL||INTERMARCHÉ|366|20200710|CARBURANTS A LA POMPE|0|76,02|||20200710|||20200710|BANQUE|
21|CREDIT AGRICOLE PRO|21-7776|20200710|10800000|COMPTE DE L EXPLOITA||BOULANGERIE|367|20200710|COMPTE DE L EXPLOITANT|10,5|0|||20200710|||20200710|BANQUE|
21|CREDIT AGRICOLE PRO|21-7776|20200710|51210000|CREDIT MUTUEL||BOULANGERIE|367|20200710|COMPTE DE L EXPLOITANT|0|10,5|||20200710|||20200710|BANQUE|
21|CREDIT AGRICOLE PRO|21-7777|20200710|10800000|COMPTE DE L EXPLOITA||PERSO|368|20200710|COMPTE DE L EXPLOITANT|37,86|0|||20200710|||20200710|BANQUE|
21|CREDIT AGRICOLE PRO|21-7777|20200710|51210000|CREDIT MUTUEL||PERSO|368|20200710|COMPTE DE L EXPLOITANT|0|37,86|||20200710|||20200710|BANQUE|
21|CREDIT AGRICOLE PRO|21-7778|20200710|10800000|COMPTE DE L EXPLOITA||PERSO|369|20200710|COMPTE DE L EXPLOITANT|127,97|0|||20200710|||20200710|BANQUE|
21|CREDIT AGRICOLE PRO|21-7778|20200710|51210000|CREDIT MUTUEL||PERSO|369|20200710|COMPTE DE L EXPLOITANT|0|127,97|||20200710|||20200710|BANQUE|
21|CREDIT AGRICOLE PRO|21-7779|20200710|66120000|INTS EMPRUNTS LMT||BANQUE|370|20200710|INTS EMPRUNTS LMT|28,11|0|||20200710|||20200710|BANQUE|
21|CREDIT AGRICOLE PRO|21-7779|20200710|51210000|CREDIT MUTUEL||BANQUE|370|20200710|INTS EMPRUNTS LMT|0|28,11|||20200710|||20200710|BANQUE|
21|CREDIT AGRICOLE PRO|21-7780|20200710|66120000|INTS EMPRUNTS LMT||BANQUE|371|20200710|INTS EMPRUNTS LMT|32,05|0|||20200710|||20200710|BANQUE|
21|CREDIT AGRICOLE PRO|21-7780|20200710|51210000|CREDIT MUTUEL||BANQUE|371|20200710|INTS EMPRUNTS LMT|0|32,05|||20200710|||20200710|BANQUE|
21|CREDIT AGRICOLE PRO|21-7781|20200713|60640000|CARBURANTS A LA POMP||INTERMARCHÉ|372|20200713|CARBURANTS A LA POMPE|50|0|||20200713|||20200713|BANQUE|
21|CREDIT AGRICOLE PRO|21-7781|20200713|44566000|TVA SUR AUT BIENS SE||INTERMARCHÉ|372|20200713|CARBURANTS A LA POMPE|10|0|||20200713|||20200713|BANQUE|
21|CREDIT AGRICOLE PRO|21-7781|20200713|51210000|CREDIT MUTUEL||INTERMARCHÉ|372|20200713|CARBURANTS A LA POMPE|0|60|||20200713|||20200713|BANQUE|
21|CREDIT AGRICOLE PRO|21-7782|20200713|60140000|ALIMENTS DU BETAIL||SUD-OUEST ALIMENT|373|20200713|aliment|252,75|0|||20200713|||20200713|BANQUE|
21|CREDIT AGRICOLE PRO|21-7782|20200713|44566000|TVA SUR AUT BIENS SE||SUD-OUEST ALIMENT|373|20200713|aliment|25,28|0|||20200713|||20200713|BANQUE|
21|CREDIT AGRICOLE PRO|21-7782|20200713|51210000|CREDIT MUTUEL||SUD-OUEST ALIMENT|373|20200713|aliment|0|278,03|||20200713|||20200713|BANQUE|
96|DETTES FIN EXER 401|96-8803|20200714|60530000|TRAV/PRODUITS TRANSF||DETTES FIN EXER 401|D2|20200714|afocg|380|0|||20200714|||20200714||
96|DETTES FIN EXER 401|96-8803|20200714|40199999|FOURNISSEURS EXPLOIT||DETTES FIN EXER 401|D2|20200714|afocg|0|380|||20200714|||20200714||
21|CREDIT AGRICOLE PRO|21-7783|20200715|61680000|ASSUR. AUTRES. (ADI)||PACIFICA ASSU|374|20200715|ASSUR. AUTRES. (ADI)|27,5|0|||20200715|||20200715|BANQUE|
21|CREDIT AGRICOLE PRO|21-7783|20200715|51210000|CREDIT MUTUEL||PACIFICA ASSU|374|20200715|ASSUR. AUTRES. (ADI)|0|27,5|||20200715|||20200715|BANQUE|
21|CREDIT AGRICOLE PRO|21-7784|20200716|60530000|TRAV/PRODUITS TRANSF||GRANDS CHAMPS|375|20200716|DIVERS SERVICES EXTER.|566,45|0|||20200716|||20200716|BANQUE|
21|CREDIT AGRICOLE PRO|21-7784|20200716|44566000|TVA SUR AUT BIENS SE||GRANDS CHAMPS|375|20200716|DIVERS SERVICES EXTER.|31,15|0|||20200716|||20200716|BANQUE|
21|CREDIT AGRICOLE PRO|21-7784|20200716|51210000|CREDIT MUTUEL||GRANDS CHAMPS|375|20200716|DIVERS SERVICES EXTER.|0|597,6|||20200716|||20200716|BANQUE|
21|CREDIT AGRICOLE PRO|21-7785|20200717|60180000|COMBUSTIBLES||INTERMARCHÉ|376|20200717|CARBURANTS A LA POMPE|27,92|0|||20200717|||20200717|BANQUE|
21|CREDIT AGRICOLE PRO|21-7785|20200717|44566000|TVA SUR AUT BIENS SE||INTERMARCHÉ|376|20200717|CARBURANTS A LA POMPE|5,58|0|||20200717|||20200717|BANQUE|
21|CREDIT AGRICOLE PRO|21-7785|20200717|51210000|CREDIT MUTUEL||INTERMARCHÉ|376|20200717|CARBURANTS A LA POMPE|0|33,5|||20200717|||20200717|BANQUE|
21|CREDIT AGRICOLE PRO|21-7786|20200717|60640000|CARBURANTS A LA POMP||INTERMARCHÉ|377|20200717|CARBURANTS A LA POMPE|66,68|0|||20200717|||20200717|BANQUE|
21|CREDIT AGRICOLE PRO|21-7786|20200717|44566000|TVA SUR AUT BIENS SE||INTERMARCHÉ|377|20200717|CARBURANTS A LA POMPE|13,33|0|||20200717|||20200717|BANQUE|
21|CREDIT AGRICOLE PRO|21-7786|20200717|51210000|CREDIT MUTUEL||INTERMARCHÉ|377|20200717|CARBURANTS A LA POMPE|0|80,01|||20200717|||20200717|BANQUE|
21|CREDIT AGRICOLE PRO|21-7787|20200717|60140000|ALIMENTS DU BETAIL||SUD-OUEST ALIMENT|378|20200717|aliment|95,25|0|||20200717|||20200717|BANQUE|
21|CREDIT AGRICOLE PRO|21-7787|20200717|44566000|TVA SUR AUT BIENS SE||SUD-OUEST ALIMENT|378|20200717|aliment|9,53|0|||20200717|||20200717|BANQUE|
21|CREDIT AGRICOLE PRO|21-7787|20200717|51210000|CREDIT MUTUEL||SUD-OUEST ALIMENT|378|20200717|aliment|0|104,78|||20200717|||20200717|BANQUE|
21|CREDIT AGRICOLE PRO|21-7788|20200720|70200000|VENTES PRODUITS ANIM||BIOTOPE FEST|379|20200720|PRODUITS ANIMAUX|0|111,37|||20200720|||20200720|BANQUE|
21|CREDIT AGRICOLE PRO|21-7788|20200720|44571000|TVA COLLECTEE ENCAIS||BIOTOPE FEST|379|20200720|PRODUITS ANIMAUX|0|6,13|||20200720|||20200720|BANQUE|
21|CREDIT AGRICOLE PRO|21-7788|20200720|51210000|CREDIT MUTUEL||BIOTOPE FEST|379|20200720|PRODUITS ANIMAUX|117,5|0|||20200720|||20200720|BANQUE|
21|CREDIT AGRICOLE PRO|21-7789|20200720|60530000|TRAV/PRODUITS TRANSF||PANIER LOCAL|380|20200720|panier local socleo|30|0|||20200720|||20200720|BANQUE|
21|CREDIT AGRICOLE PRO|21-7789|20200720|44566000|TVA SUR AUT BIENS SE||PANIER LOCAL|380|20200720|panier local socleo|6|0|||20200720|||20200720|BANQUE|
21|CREDIT AGRICOLE PRO|21-7789|20200720|51210000|CREDIT MUTUEL||PANIER LOCAL|380|20200720|panier local socleo|0|36|||20200720|||20200720|BANQUE|
21|CREDIT AGRICOLE PRO|21-7790|20200721|70200000|VENTES PRODUITS ANIM||VENTES|381|20200721|PRODUITS ANIMAUX|0|145,99|||20200721|||20200721|BANQUE|
21|CREDIT AGRICOLE PRO|21-7790|20200721|44571000|TVA COLLECTEE ENCAIS||VENTES|381|20200721|PRODUITS ANIMAUX|0|8,03|||20200721|||20200721|BANQUE|
21|CREDIT AGRICOLE PRO|21-7790|20200721|51210000|CREDIT MUTUEL||VENTES|381|20200721|PRODUITS ANIMAUX|154,02|0|||20200721|||20200721|BANQUE|
21|CREDIT AGRICOLE PRO|21-7791|20200721|70200000|VENTES PRODUITS ANIM||VENTES|382|20200721|PRODUITS ANIMAUX|0|89,43|||20200721|||20200721|BANQUE|
21|CREDIT AGRICOLE PRO|21-7791|20200721|44571000|TVA COLLECTEE ENCAIS||VENTES|382|20200721|PRODUITS ANIMAUX|0|4,92|||20200721|||20200721|BANQUE|
21|CREDIT AGRICOLE PRO|21-7791|20200721|51210000|CREDIT MUTUEL||VENTES|382|20200721|PRODUITS ANIMAUX|94,35|0|||20200721|||20200721|BANQUE|
21|CREDIT AGRICOLE PRO|21-7792|20200721|70200000|VENTES PRODUITS ANIM||VENTES|383|20200721|PRODUITS ANIMAUX|0|194,42|||20200721|||20200721|BANQUE|
21|CREDIT AGRICOLE PRO|21-7792|20200721|44571000|TVA COLLECTEE ENCAIS||VENTES|383|20200721|PRODUITS ANIMAUX|0|10,7|||20200721|||20200721|BANQUE|
21|CREDIT AGRICOLE PRO|21-7792|20200721|51210000|CREDIT MUTUEL||VENTES|383|20200721|PRODUITS ANIMAUX|205,12|0|||20200721|||20200721|BANQUE|
21|CREDIT AGRICOLE PRO|21-7793|20200721|70200000|VENTES PRODUITS ANIM||VENTES|384|20200721|PRODUITS ANIMAUX|0|180,68|||20200721|||20200721|BANQUE|
21|CREDIT AGRICOLE PRO|21-7793|20200721|44571000|TVA COLLECTEE ENCAIS||VENTES|384|20200721|PRODUITS ANIMAUX|0|9,94|||20200721|||20200721|BANQUE|
21|CREDIT AGRICOLE PRO|21-7793|20200721|51210000|CREDIT MUTUEL||VENTES|384|20200721|PRODUITS ANIMAUX|190,62|0|||20200721|||20200721|BANQUE|
21|CREDIT AGRICOLE PRO|21-7794|20200721|70200000|VENTES PRODUITS ANIM||VENTES|385|20200721|PRODUITS ANIMAUX|0|123,27|||20200721|||20200721|BANQUE|
21|CREDIT AGRICOLE PRO|21-7794|20200721|44571000|TVA COLLECTEE ENCAIS||VENTES|385|20200721|PRODUITS ANIMAUX|0|6,78|||20200721|||20200721|BANQUE|
21|CREDIT AGRICOLE PRO|21-7794|20200721|51210000|CREDIT MUTUEL||VENTES|385|20200721|PRODUITS ANIMAUX|130,05|0|||20200721|||20200721|BANQUE|
21|CREDIT AGRICOLE PRO|21-7795|20200721|70200000|VENTES PRODUITS ANIM||VENTES|386|20200721|PRODUITS ANIMAUX|0|133,11|||20200721|||20200721|BANQUE|
21|CREDIT AGRICOLE PRO|21-7795|20200721|44571000|TVA COLLECTEE ENCAIS||VENTES|386|20200721|PRODUITS ANIMAUX|0|7,33|||20200721|||20200721|BANQUE|
21|CREDIT AGRICOLE PRO|21-7795|20200721|51210000|CREDIT MUTUEL||VENTES|386|20200721|PRODUITS ANIMAUX|140,44|0|||20200721|||20200721|BANQUE|
21|CREDIT AGRICOLE PRO|21-7796|20200721|70200000|VENTES PRODUITS ANIM||VENTES|387|20200721|PRODUITS ANIMAUX|0|79,37|||20200721|||20200721|BANQUE|
21|CREDIT AGRICOLE PRO|21-7796|20200721|44571000|TVA COLLECTEE ENCAIS||VENTES|387|20200721|PRODUITS ANIMAUX|0|4,37|||20200721|||20200721|BANQUE|
21|CREDIT AGRICOLE PRO|21-7796|20200721|51210000|CREDIT MUTUEL||VENTES|387|20200721|PRODUITS ANIMAUX|83,74|0|||20200721|||20200721|BANQUE|
21|CREDIT AGRICOLE PRO|21-7797|20200721|70200000|VENTES PRODUITS ANIM||VENTES|388|20200721|PRODUITS ANIMAUX|0|597,15|||20200721|||20200721|BANQUE|
21|CREDIT AGRICOLE PRO|21-7797|20200721|44571000|TVA COLLECTEE ENCAIS||VENTES|388|20200721|PRODUITS ANIMAUX|0|32,85|||20200721|||20200721|BANQUE|
21|CREDIT AGRICOLE PRO|21-7797|20200721|51210000|CREDIT MUTUEL||VENTES|388|20200721|PRODUITS ANIMAUX|630|0|||20200721|||20200721|BANQUE|
21|CREDIT AGRICOLE PRO|21-7798|20200721|60140000|ALIMENTS DU BETAIL||SUD-OUEST ALIMENT|389|20200721|aliment|168,55|0|||20200721|||20200721|BANQUE|
21|CREDIT AGRICOLE PRO|21-7798|20200721|44566000|TVA SUR AUT BIENS SE||SUD-OUEST ALIMENT|389|20200721|aliment|16,85|0|||20200721|||20200721|BANQUE|
21|CREDIT AGRICOLE PRO|21-7798|20200721|51210000|CREDIT MUTUEL||SUD-OUEST ALIMENT|389|20200721|aliment|0|185,4|||20200721|||20200721|BANQUE|
96|DETTES FIN EXER 401|96-8804|20200721|60530000|TRAV/PRODUITS TRANSF||DETTES FIN EXER 401|D3|20200721|analyses salmonelle|23,39|0|||20200721|||20200721||
96|DETTES FIN EXER 401|96-8804|20200721|40199999|FOURNISSEURS EXPLOIT||DETTES FIN EXER 401|D3|20200721|analyses salmonelle|0|23,39|||20200721|||20200721||
21|CREDIT AGRICOLE PRO|21-7799|20200722|60660000|PETIT MAT. ET OUTILL||BRICOMARCHÉ|390|20200722|visserie|30,53|0|||20200722|||20200722|BANQUE|
21|CREDIT AGRICOLE PRO|21-7799|20200722|44566000|TVA SUR AUT BIENS SE||BRICOMARCHÉ|390|20200722|visserie|6,11|0|||20200722|||20200722|BANQUE|
21|CREDIT AGRICOLE PRO|21-7799|20200722|51210000|CREDIT MUTUEL||BRICOMARCHÉ|390|20200722|visserie|0|36,64|||20200722|||20200722|BANQUE|
21|CREDIT AGRICOLE PRO|21-7800|20200723|60400000|ACHATS D ANIMAUX||MISSON|391|20200723|ANIMAUX|438|0|||20200723|||20200723|BANQUE|
21|CREDIT AGRICOLE PRO|21-7800|20200723|44566000|TVA SUR AUT BIENS SE||MISSON|391|20200723|ANIMAUX|43,8|0|||20200723|||20200723|BANQUE|
21|CREDIT AGRICOLE PRO|21-7800|20200723|51210000|CREDIT MUTUEL||MISSON|391|20200723|ANIMAUX|0|481,8|||20200723|||20200723|BANQUE|
21|CREDIT AGRICOLE PRO|21-7801|20200723|10800000|COMPTE DE L EXPLOITA||PERSO|392|20200723|COMPTE DE L EXPLOITANT|22,63|0|||20200723|||20200723|BANQUE|
21|CREDIT AGRICOLE PRO|21-7801|20200723|51210000|CREDIT MUTUEL||PERSO|392|20200723|COMPTE DE L EXPLOITANT|0|22,63|||20200723|||20200723|BANQUE|
21|CREDIT AGRICOLE PRO|21-7802|20200724|60220000|PRODUITS ENTRETIEN||TMCE|393|20200724|assechant|14,5|0|||20200724|||20200724|BANQUE|
21|CREDIT AGRICOLE PRO|21-7802|20200724|44566000|TVA SUR AUT BIENS SE||TMCE|393|20200724|assechant|2,9|0|||20200724|||20200724|BANQUE|
21|CREDIT AGRICOLE PRO|21-7802|20200724|51210000|CREDIT MUTUEL||TMCE|393|20200724|assechant|0|17,4|||20200724|||20200724|BANQUE|
21|CREDIT AGRICOLE PRO|21-7803|20200724|60640000|CARBURANTS A LA POMP||INTERMARCHÉ|394|20200724|CARBURANTS A LA POMPE|65,15|0|||20200724|||20200724|BANQUE|
21|CREDIT AGRICOLE PRO|21-7803|20200724|44566000|TVA SUR AUT BIENS SE||INTERMARCHÉ|394|20200724|CARBURANTS A LA POMPE|13,03|0|||20200724|||20200724|BANQUE|
21|CREDIT AGRICOLE PRO|21-7803|20200724|51210000|CREDIT MUTUEL||INTERMARCHÉ|394|20200724|CARBURANTS A LA POMPE|0|78,18|||20200724|||20200724|BANQUE|
21|CREDIT AGRICOLE PRO|21-7804|20200724|60140000|ALIMENTS DU BETAIL||SUD-OUEST ALIMENT|395|20200724|aliment|213,96|0|||20200724|||20200724|BANQUE|
21|CREDIT AGRICOLE PRO|21-7804|20200724|44566000|TVA SUR AUT BIENS SE||SUD-OUEST ALIMENT|395|20200724|aliment|21,4|0|||20200724|||20200724|BANQUE|
21|CREDIT AGRICOLE PRO|21-7804|20200724|51210000|CREDIT MUTUEL||SUD-OUEST ALIMENT|395|20200724|aliment|0|235,36|||20200724|||20200724|BANQUE|
21|CREDIT AGRICOLE PRO|21-7805|20200725|40199999|FOURNISSEURS EXPLOIT||AFOCG|396|20200725|achat istea|381,6|0|A||20200725|||20200725|BANQUE|
21|CREDIT AGRICOLE PRO|21-7805|20200725|51210000|CREDIT MUTUEL||AFOCG|396|20200725|achat istea|0|381,6|||20200725|||20200725|BANQUE|
21|CREDIT AGRICOLE PRO|21-7806|20200727|61680000|ASSUR. AUTRES. (ADI)||PREDICA|397|20200727|ASSUR. AUTRES. (ADI)|35,44|0|||20200727|||20200727|BANQUE|
21|CREDIT AGRICOLE PRO|21-7806|20200727|51210000|CREDIT MUTUEL||PREDICA|397|20200727|ASSUR. AUTRES. (ADI)|0|35,44|||20200727|||20200727|BANQUE|
21|CREDIT AGRICOLE PRO|21-7807|20200728|60140000|ALIMENTS DU BETAIL||SUD-OUEST ALIMENT|398|20200728|aliment|257,17|0|||20200728|||20200728|BANQUE|
21|CREDIT AGRICOLE PRO|21-7807|20200728|44566000|TVA SUR AUT BIENS SE||SUD-OUEST ALIMENT|398|20200728|aliment|25,72|0|||20200728|||20200728|BANQUE|
21|CREDIT AGRICOLE PRO|21-7807|20200728|51210000|CREDIT MUTUEL||SUD-OUEST ALIMENT|398|20200728|aliment|0|282,89|||20200728|||20200728|BANQUE|
21|CREDIT AGRICOLE PRO|21-7808|20200730|60240000|FOURNIT BUREAU||CORDONIER|399|20200730|tampons|46,91|0|||20200730|||20200730|BANQUE|
21|CREDIT AGRICOLE PRO|21-7808|20200730|44566000|TVA SUR AUT BIENS SE||CORDONIER|399|20200730|tampons|9,39|0|||20200730|||20200730|BANQUE|
21|CREDIT AGRICOLE PRO|21-7808|20200730|51210000|CREDIT MUTUEL||CORDONIER|399|20200730|tampons|0|56,3|||20200730|||20200730|BANQUE|
21|CREDIT AGRICOLE PRO|21-7843|20200803|60660000|PETIT MAT. ET OUTILL||BRICOMARCHÉ|400|20200803|PETIT MAT. ET OUTILLAGE|43,98|0|||20200803|||20200803|BANQUE|
21|CREDIT AGRICOLE PRO|21-7843|20200803|44566000|TVA SUR AUT BIENS SE||BRICOMARCHÉ|400|20200803|PETIT MAT. ET OUTILLAGE|8,8|0|||20200803|||20200803|BANQUE|
21|CREDIT AGRICOLE PRO|21-7843|20200803|51210000|CREDIT MUTUEL||BRICOMARCHÉ|400|20200803|PETIT MAT. ET OUTILLAGE|0|52,78|||20200803|||20200803|BANQUE|
21|CREDIT AGRICOLE PRO|21-7844|20200803|61680000|ASSUR. AUTRES. (ADI)||PACIFICA ASSU|401|20200803|ASSUR. AUTRES. (ADI)|86,74|0|||20200803|||20200803|BANQUE|
21|CREDIT AGRICOLE PRO|21-7844|20200803|51210000|CREDIT MUTUEL||PACIFICA ASSU|401|20200803|ASSUR. AUTRES. (ADI)|0|86,74|||20200803|||20200803|BANQUE|
21|CREDIT AGRICOLE PRO|21-7845|20200804|70200000|VENTES PRODUITS ANIM||BIOTOPE FEST|402|20200804|PRODUITS ANIMAUX|0|111,37|||20200804|||20200804|BANQUE|
21|CREDIT AGRICOLE PRO|21-7845|20200804|44571000|TVA COLLECTEE ENCAIS||BIOTOPE FEST|402|20200804|PRODUITS ANIMAUX|0|6,13|||20200804|||20200804|BANQUE|
21|CREDIT AGRICOLE PRO|21-7845|20200804|51210000|CREDIT MUTUEL||BIOTOPE FEST|402|20200804|PRODUITS ANIMAUX|117,5|0|||20200804|||20200804|BANQUE|
21|CREDIT AGRICOLE PRO|21-7846|20200804|60660000|PETIT MAT. ET OUTILL||BRICO DESTOCK|403|20200804|PETIT MAT. ET OUTILLAGE|278,83|0|||20200804|||20200804|BANQUE|
21|CREDIT AGRICOLE PRO|21-7846|20200804|44566000|TVA SUR AUT BIENS SE||BRICO DESTOCK|403|20200804|PETIT MAT. ET OUTILLAGE|55,77|0|||20200804|||20200804|BANQUE|
21|CREDIT AGRICOLE PRO|21-7846|20200804|51210000|CREDIT MUTUEL||BRICO DESTOCK|403|20200804|PETIT MAT. ET OUTILLAGE|0|334,6|||20200804|||20200804|BANQUE|
21|CREDIT AGRICOLE PRO|21-7847|20200804|60640000|CARBURANTS A LA POMP||INTERMARCHÉ|404|20200804|CARBURANTS A LA POMPE|16,71|0|||20200804|||20200804|BANQUE|
21|CREDIT AGRICOLE PRO|21-7847|20200804|44566000|TVA SUR AUT BIENS SE||INTERMARCHÉ|404|20200804|CARBURANTS A LA POMPE|3,34|0|||20200804|||20200804|BANQUE|
21|CREDIT AGRICOLE PRO|21-7847|20200804|51210000|CREDIT MUTUEL||INTERMARCHÉ|404|20200804|CARBURANTS A LA POMPE|0|20,05|||20200804|||20200804|BANQUE|
21|CREDIT AGRICOLE PRO|21-7848|20200804|60140000|ALIMENTS DU BETAIL||SUD-OUEST ALIMENT|405|20200804|aliment|425,18|0|||20200804|||20200804|BANQUE|
21|CREDIT AGRICOLE PRO|21-7848|20200804|44566000|TVA SUR AUT BIENS SE||SUD-OUEST ALIMENT|405|20200804|aliment|42,52|0|||20200804|||20200804|BANQUE|
21|CREDIT AGRICOLE PRO|21-7848|20200804|51210000|CREDIT MUTUEL||SUD-OUEST ALIMENT|405|20200804|aliment|0|467,7|||20200804|||20200804|BANQUE|
21|CREDIT AGRICOLE PRO|21-7849|20200804|61680000|ASSUR. AUTRES. (ADI)||PACIFICA ASSU|406|20200804|ASSUR. AUTRES. (ADI)|21,79|0|||20200804|||20200804|BANQUE|
21|CREDIT AGRICOLE PRO|21-7849|20200804|51210000|CREDIT MUTUEL||PACIFICA ASSU|406|20200804|ASSUR. AUTRES. (ADI)|0|21,79|||20200804|||20200804|BANQUE|
21|CREDIT AGRICOLE PRO|21-7850|20200810|60660000|PETIT MAT. ET OUTILL||BRICOMARCHÉ|407|20200810|PETIT MAT. ET OUTILLAGE|23,46|0|||20200810|||20200810|BANQUE|
21|CREDIT AGRICOLE PRO|21-7850|20200810|44566000|TVA SUR AUT BIENS SE||BRICOMARCHÉ|407|20200810|PETIT MAT. ET OUTILLAGE|4,69|0|||20200810|||20200810|BANQUE|
21|CREDIT AGRICOLE PRO|21-7850|20200810|51210000|CREDIT MUTUEL||BRICOMARCHÉ|407|20200810|PETIT MAT. ET OUTILLAGE|0|28,15|||20200810|||20200810|BANQUE|
21|CREDIT AGRICOLE PRO|21-7851|20200810|60640000|CARBURANTS A LA POMP||INTERMARCHÉ|408|20200810|CARBURANTS A LA POMPE|66,87|0|||20200810|||20200810|BANQUE|
21|CREDIT AGRICOLE PRO|21-7851|20200810|44566000|TVA SUR AUT BIENS SE||INTERMARCHÉ|408|20200810|CARBURANTS A LA POMPE|13,37|0|||20200810|||20200810|BANQUE|
21|CREDIT AGRICOLE PRO|21-7851|20200810|51210000|CREDIT MUTUEL||INTERMARCHÉ|408|20200810|CARBURANTS A LA POMPE|0|80,24|||20200810|||20200810|BANQUE|
21|CREDIT AGRICOLE PRO|21-7852|20200810|66120000|INTS EMPRUNTS LMT||BANQUE|409|20200810|INTS EMPRUNTS LMT|28,11|0|||20200810|||20200810|BANQUE|
21|CREDIT AGRICOLE PRO|21-7852|20200810|51210000|CREDIT MUTUEL||BANQUE|409|20200810|INTS EMPRUNTS LMT|0|28,11|||20200810|||20200810|BANQUE|
21|CREDIT AGRICOLE PRO|21-7853|20200810|66120000|INTS EMPRUNTS LMT||BANQUE|410|20200810|INTS EMPRUNTS LMT|33,12|0|||20200810|||20200810|BANQUE|
21|CREDIT AGRICOLE PRO|21-7853|20200810|51210000|CREDIT MUTUEL||BANQUE|410|20200810|INTS EMPRUNTS LMT|0|33,12|||20200810|||20200810|BANQUE|
96|DETTES FIN EXER 401|96-8805|20200810|60530000|TRAV/PRODUITS TRANSF||DETTES FIN EXER 401|D4|20200810|analyses salmonelle|23,39|0|||20200810|||20200810||
96|DETTES FIN EXER 401|96-8805|20200810|40199999|FOURNISSEURS EXPLOIT||DETTES FIN EXER 401|D4|20200810|analyses salmonelle|0|23,39|||20200810|||20200810||
21|CREDIT AGRICOLE PRO|21-7854|20200811|60140000|ALIMENTS DU BETAIL||SUD-OUEST ALIMENT|411|20200811|aliment|400,31|0|||20200811|||20200811|BANQUE|
21|CREDIT AGRICOLE PRO|21-7854|20200811|44566000|TVA SUR AUT BIENS SE||SUD-OUEST ALIMENT|411|20200811|aliment|40,04|0|||20200811|||20200811|BANQUE|
21|CREDIT AGRICOLE PRO|21-7854|20200811|51210000|CREDIT MUTUEL||SUD-OUEST ALIMENT|411|20200811|aliment|0|440,35|||20200811|||20200811|BANQUE|
21|CREDIT AGRICOLE PRO|21-7855|20200812|61680000|ASSUR. AUTRES. (ADI)||PACIFICA ASSU|412|20200812|ASSUR. AUTRES. (ADI)|46,4|0|||20200812|||20200812|BANQUE|
21|CREDIT AGRICOLE PRO|21-7855|20200812|51210000|CREDIT MUTUEL||PACIFICA ASSU|412|20200812|ASSUR. AUTRES. (ADI)|0|46,4|||20200812|||20200812|BANQUE|
96|DETTES FIN EXER 401|96-8806|20200812|60400000|ACHATS D ANIMAUX||DETTES FIN EXER 401|D5|20200812|ANIMAUX|204,6|0|||20200812|||20200812||
96|DETTES FIN EXER 401|96-8806|20200812|40199999|FOURNISSEURS EXPLOIT||DETTES FIN EXER 401|D5|20200812|ANIMAUX|0|204,6|||20200812|||20200812||
21|CREDIT AGRICOLE PRO|21-7856|20200813|70200000|VENTES PRODUITS ANIM||VENTES|413|20200813|PRODUITS ANIMAUX|0|126,91|||20200813|||20200813|BANQUE|
21|CREDIT AGRICOLE PRO|21-7856|20200813|44571000|TVA COLLECTEE ENCAIS||VENTES|413|20200813|PRODUITS ANIMAUX|0|6,99|||20200813|||20200813|BANQUE|
21|CREDIT AGRICOLE PRO|21-7856|20200813|51210000|CREDIT MUTUEL||VENTES|413|20200813|PRODUITS ANIMAUX|133,9|0|||20200813|||20200813|BANQUE|
21|CREDIT AGRICOLE PRO|21-7857|20200813|70200000|VENTES PRODUITS ANIM||VENTES|414|20200813|PRODUITS ANIMAUX|0|38,31|||20200813|||20200813|BANQUE|
21|CREDIT AGRICOLE PRO|21-7857|20200813|44571000|TVA COLLECTEE ENCAIS||VENTES|414|20200813|PRODUITS ANIMAUX|0|2,11|||20200813|||20200813|BANQUE|
21|CREDIT AGRICOLE PRO|21-7857|20200813|51210000|CREDIT MUTUEL||VENTES|414|20200813|PRODUITS ANIMAUX|40,42|0|||20200813|||20200813|BANQUE|
21|CREDIT AGRICOLE PRO|21-7858|20200813|70200000|VENTES PRODUITS ANIM||VENTES|415|20200813|PRODUITS ANIMAUX|0|1023,69|||20200813|||20200813|BANQUE|
21|CREDIT AGRICOLE PRO|21-7858|20200813|44571000|TVA COLLECTEE ENCAIS||VENTES|415|20200813|PRODUITS ANIMAUX|0|56,31|||20200813|||20200813|BANQUE|
21|CREDIT AGRICOLE PRO|21-7858|20200813|51210000|CREDIT MUTUEL||VENTES|415|20200813|PRODUITS ANIMAUX|1080|0|||20200813|||20200813|BANQUE|
21|CREDIT AGRICOLE PRO|21-7859|20200813|60150000|PRODUITS VETERINAIRE||BIOCOOP|416|20200813|vinaigre|13|0|||20200813|||20200813|BANQUE|
21|CREDIT AGRICOLE PRO|21-7859|20200813|44566000|TVA SUR AUT BIENS SE||BIOCOOP|416|20200813|vinaigre|0,72|0|||20200813|||20200813|BANQUE|
21|CREDIT AGRICOLE PRO|21-7859|20200813|51210000|CREDIT MUTUEL||BIOCOOP|416|20200813|vinaigre|0|13,72|||20200813|||20200813|BANQUE|
21|CREDIT AGRICOLE PRO|21-7860|20200813|60230000|FOURNIT ATELIER||PEUGEOT|417|20200813|housse voiture|137,18|0|||20200813|||20200813|BANQUE|
21|CREDIT AGRICOLE PRO|21-7860|20200813|44566000|TVA SUR AUT BIENS SE||PEUGEOT|417|20200813|housse voiture|27,44|0|||20200813|||20200813|BANQUE|
21|CREDIT AGRICOLE PRO|21-7860|20200813|51210000|CREDIT MUTUEL||PEUGEOT|417|20200813|housse voiture|0|164,62|||20200813|||20200813|BANQUE|
21|CREDIT AGRICOLE PRO|21-7861|20200814|70200000|VENTES PRODUITS ANIM||VENTES|418|20200814|PRODUITS ANIMAUX|0|218|||20200814|||20200814|BANQUE|
21|CREDIT AGRICOLE PRO|21-7861|20200814|44571000|TVA COLLECTEE ENCAIS||VENTES|418|20200814|PRODUITS ANIMAUX|0|12|||20200814|||20200814|BANQUE|
21|CREDIT AGRICOLE PRO|21-7861|20200814|51210000|CREDIT MUTUEL||VENTES|418|20200814|PRODUITS ANIMAUX|230|0|||20200814|||20200814|BANQUE|
21|CREDIT AGRICOLE PRO|21-7862|20200817|60660000|PETIT MAT. ET OUTILL||BRICOMARCHÉ|419|20200817|PETIT MAT. ET OUTILLAGE|14,68|0|||20200817|||20200817|BANQUE|
21|CREDIT AGRICOLE PRO|21-7862|20200817|60660000|PETIT MAT. ET OUTILL||BRICOMARCHÉ|419|20200817|PETIT MAT. ET OUTILLAGE|21,58|0|||20200817|||20200817|BANQUE|
21|CREDIT AGRICOLE PRO|21-7862|20200817|60660000|PETIT MAT. ET OUTILL||BRICOMARCHÉ|419|20200817|PETIT MAT. ET OUTILLAGE|8,15|0|||20200817|||20200817|BANQUE|
21|CREDIT AGRICOLE PRO|21-7862|20200817|44566000|TVA SUR AUT BIENS SE||BRICOMARCHÉ|419|20200817|PETIT MAT. ET OUTILLAGE|0,81|0|||20200817|||20200817|BANQUE|
21|CREDIT AGRICOLE PRO|21-7862|20200817|44566000|TVA SUR AUT BIENS SE||BRICOMARCHÉ|419|20200817|PETIT MAT. ET OUTILLAGE|4,31|0|||20200817|||20200817|BANQUE|
21|CREDIT AGRICOLE PRO|21-7862|20200817|44566000|TVA SUR AUT BIENS SE||BRICOMARCHÉ|419|20200817|PETIT MAT. ET OUTILLAGE|0,82|0|||20200817|||20200817|BANQUE|
21|CREDIT AGRICOLE PRO|21-7862|20200817|51210000|CREDIT MUTUEL||BRICOMARCHÉ|419|20200817|PETIT MAT. ET OUTILLAGE|0|50,35|||20200817|||20200817|BANQUE|
21|CREDIT AGRICOLE PRO|21-7863|20200817|60530000|TRAV/PRODUITS TRANSF||PANIER LOCAL|420|20200817|DIVERS SERVICES EXTER.|30|0|||20200817|||20200817|BANQUE|
21|CREDIT AGRICOLE PRO|21-7863|20200817|44566000|TVA SUR AUT BIENS SE||PANIER LOCAL|420|20200817|DIVERS SERVICES EXTER.|6|0|||20200817|||20200817|BANQUE|
21|CREDIT AGRICOLE PRO|21-7863|20200817|51210000|CREDIT MUTUEL||PANIER LOCAL|420|20200817|DIVERS SERVICES EXTER.|0|36|||20200817|||20200817|BANQUE|
21|CREDIT AGRICOLE PRO|21-7864|20200817|61680000|ASSUR. AUTRES. (ADI)||PACIFICA ASSU|421|20200817|ASSUR. AUTRES. (ADI)|27,5|0|||20200817|||20200817|BANQUE|
21|CREDIT AGRICOLE PRO|21-7864|20200817|51210000|CREDIT MUTUEL||PACIFICA ASSU|421|20200817|ASSUR. AUTRES. (ADI)|0|27,5|||20200817|||20200817|BANQUE|
21|CREDIT AGRICOLE PRO|21-7865|20200818|60140000|ALIMENTS DU BETAIL||SUD-OUEST ALIMENT|422|20200818|aliment|343,75|0|||20200818|||20200818|BANQUE|
21|CREDIT AGRICOLE PRO|21-7865|20200818|44566000|TVA SUR AUT BIENS SE||SUD-OUEST ALIMENT|422|20200818|aliment|34,38|0|||20200818|||20200818|BANQUE|
21|CREDIT AGRICOLE PRO|21-7865|20200818|51210000|CREDIT MUTUEL||SUD-OUEST ALIMENT|422|20200818|aliment|0|378,13|||20200818|||20200818|BANQUE|
21|CREDIT AGRICOLE PRO|21-7866|20200819|60640000|CARBURANTS A LA POMP||INTERMARCHÉ|423|20200819|CARBURANTS A LA POMPE|68,32|0|||20200819|||20200819|BANQUE|
21|CREDIT AGRICOLE PRO|21-7866|20200819|44566000|TVA SUR AUT BIENS SE||INTERMARCHÉ|423|20200819|CARBURANTS A LA POMPE|13,67|0|||20200819|||20200819|BANQUE|
21|CREDIT AGRICOLE PRO|21-7866|20200819|51210000|CREDIT MUTUEL||INTERMARCHÉ|423|20200819|CARBURANTS A LA POMPE|0|81,99|||20200819|||20200819|BANQUE|
21|CREDIT AGRICOLE PRO|21-7867|20200819|60140000|ALIMENTS DU BETAIL||SUD-OUEST ALIMENT|424|20200819|aliment|11,8|0|||20200819|||20200819|BANQUE|
21|CREDIT AGRICOLE PRO|21-7867|20200819|44566000|TVA SUR AUT BIENS SE||SUD-OUEST ALIMENT|424|20200819|aliment|1,18|0|||20200819|||20200819|BANQUE|
21|CREDIT AGRICOLE PRO|21-7867|20200819|51210000|CREDIT MUTUEL||SUD-OUEST ALIMENT|424|20200819|aliment|0|12,98|||20200819|||20200819|BANQUE|
21|CREDIT AGRICOLE PRO|21-7868|20200820|70200000|VENTES PRODUITS ANIM||VENTES|425|20200820|PRODUITS ANIMAUX|0|563,19|||20200820|||20200820|BANQUE|
21|CREDIT AGRICOLE PRO|21-7868|20200820|44571000|TVA COLLECTEE ENCAIS||VENTES|425|20200820|PRODUITS ANIMAUX|0|30,98|||20200820|||20200820|BANQUE|
21|CREDIT AGRICOLE PRO|21-7868|20200820|51210000|CREDIT MUTUEL||VENTES|425|20200820|PRODUITS ANIMAUX|594,17|0|||20200820|||20200820|BANQUE|
21|CREDIT AGRICOLE PRO|21-7869|20200820|70200000|VENTES PRODUITS ANIM||VENTES|426|20200820|PRODUITS ANIMAUX|0|151,65|||20200820|||20200820|BANQUE|
21|CREDIT AGRICOLE PRO|21-7869|20200820|44571000|TVA COLLECTEE ENCAIS||VENTES|426|20200820|PRODUITS ANIMAUX|0|8,35|||20200820|||20200820|BANQUE|
21|CREDIT AGRICOLE PRO|21-7869|20200820|51210000|CREDIT MUTUEL||VENTES|426|20200820|PRODUITS ANIMAUX|160|0|||20200820|||20200820|BANQUE|
21|CREDIT AGRICOLE PRO|21-7870|20200825|60140000|ALIMENTS DU BETAIL||SUD-OUEST ALIMENT|427|20200825|aliment|697,8|0|||20200825|||20200825|BANQUE|
21|CREDIT AGRICOLE PRO|21-7870|20200825|44566000|TVA SUR AUT BIENS SE||SUD-OUEST ALIMENT|427|20200825|aliment|69,79|0|||20200825|||20200825|BANQUE|
21|CREDIT AGRICOLE PRO|21-7870|20200825|51210000|CREDIT MUTUEL||SUD-OUEST ALIMENT|427|20200825|aliment|0|767,59|||20200825|||20200825|BANQUE|
21|CREDIT AGRICOLE PRO|21-7871|20200825|61680000|ASSUR. AUTRES. (ADI)||PREDICA|428|20200825|ASSUR. AUTRES. (ADI)|35,44|0|||20200825|||20200825|BANQUE|
21|CREDIT AGRICOLE PRO|21-7871|20200825|51210000|CREDIT MUTUEL||PREDICA|428|20200825|ASSUR. AUTRES. (ADI)|0|35,44|||20200825|||20200825|BANQUE|
21|CREDIT AGRICOLE PRO|21-7872|20200828|60640000|CARBURANTS A LA POMP||INTERMARCHÉ|429|20200828|CARBURANTS A LA POMPE|70,01|0|||20200828|||20200828|BANQUE|
21|CREDIT AGRICOLE PRO|21-7872|20200828|44566000|TVA SUR AUT BIENS SE||INTERMARCHÉ|429|20200828|CARBURANTS A LA POMPE|14|0|||20200828|||20200828|BANQUE|
21|CREDIT AGRICOLE PRO|21-7872|20200828|51210000|CREDIT MUTUEL||INTERMARCHÉ|429|20200828|CARBURANTS A LA POMPE|0|84,01|||20200828|||20200828|BANQUE|
96|DETTES FIN EXER 401|96-8807|20200831|60150000|PRODUITS VETERINAIRE||DETTES FIN EXER 401|D6|20200831|produits veterinaires|172,22|0|||20200831|||20200831||
96|DETTES FIN EXER 401|96-8807|20200831|40199999|FOURNISSEURS EXPLOIT||DETTES FIN EXER 401|D6|20200831|produits veterinaires|0|172,22|||20200831|||20200831||
21|CREDIT AGRICOLE PRO|21-8896|20200901|70200000|VENTES PRODUITS ANIM||VENTES|430|20200901|PRODUITS ANIMAUX|0|172,79|||20200901|||20200901|BANQUE|
21|CREDIT AGRICOLE PRO|21-8896|20200901|44571000|TVA COLLECTEE ENCAIS||VENTES|430|20200901|PRODUITS ANIMAUX|0|9,51|||20200901|||20200901|BANQUE|
21|CREDIT AGRICOLE PRO|21-8896|20200901|51210000|CREDIT MUTUEL||VENTES|430|20200901|PRODUITS ANIMAUX|182,3|0|||20200901|||20200901|BANQUE|
21|CREDIT AGRICOLE PRO|21-8897|20200901|70200000|VENTES PRODUITS ANIM||VENTES|431|20200901|PRODUITS ANIMAUX|0|159,24|||20200901|||20200901|BANQUE|
21|CREDIT AGRICOLE PRO|21-8897|20200901|44571000|TVA COLLECTEE ENCAIS||VENTES|431|20200901|PRODUITS ANIMAUX|0|8,76|||20200901|||20200901|BANQUE|
21|CREDIT AGRICOLE PRO|21-8897|20200901|51210000|CREDIT MUTUEL||VENTES|431|20200901|PRODUITS ANIMAUX|168|0|||20200901|||20200901|BANQUE|
21|CREDIT AGRICOLE PRO|21-8898|20200901|70200000|VENTES PRODUITS ANIM||VENTES|432|20200901|PRODUITS ANIMAUX|0|100,54|||20200901|||20200901|BANQUE|
21|CREDIT AGRICOLE PRO|21-8898|20200901|44571000|TVA COLLECTEE ENCAIS||VENTES|432|20200901|PRODUITS ANIMAUX|0|5,53|||20200901|||20200901|BANQUE|
21|CREDIT AGRICOLE PRO|21-8898|20200901|51210000|CREDIT MUTUEL||VENTES|432|20200901|PRODUITS ANIMAUX|106,07|0|||20200901|||20200901|BANQUE|
21|CREDIT AGRICOLE PRO|21-8899|20200901|70200000|VENTES PRODUITS ANIM||VENTES|433|20200901|PRODUITS ANIMAUX|0|93,93|||20200901|||20200901|BANQUE|
21|CREDIT AGRICOLE PRO|21-8899|20200901|44571000|TVA COLLECTEE ENCAIS||VENTES|433|20200901|PRODUITS ANIMAUX|0|5,17|||20200901|||20200901|BANQUE|
21|CREDIT AGRICOLE PRO|21-8899|20200901|51210000|CREDIT MUTUEL||VENTES|433|20200901|PRODUITS ANIMAUX|99,1|0|||20200901|||20200901|BANQUE|
21|CREDIT AGRICOLE PRO|21-8900|20200901|70200000|VENTES PRODUITS ANIM||VENTES|434|20200901|PRODUITS ANIMAUX|0|120,37|||20200901|||20200901|BANQUE|
21|CREDIT AGRICOLE PRO|21-8900|20200901|44571000|TVA COLLECTEE ENCAIS||VENTES|434|20200901|PRODUITS ANIMAUX|0|6,63|||20200901|||20200901|BANQUE|
21|CREDIT AGRICOLE PRO|21-8900|20200901|51210000|CREDIT MUTUEL||VENTES|434|20200901|PRODUITS ANIMAUX|127|0|||20200901|||20200901|BANQUE|
21|CREDIT AGRICOLE PRO|21-8901|20200901|70200000|VENTES PRODUITS ANIM||VENTES|435|20200901|PRODUITS ANIMAUX|0|37,91|||20200901|||20200901|BANQUE|
21|CREDIT AGRICOLE PRO|21-8901|20200901|44571000|TVA COLLECTEE ENCAIS||VENTES|435|20200901|PRODUITS ANIMAUX|0|2,09|||20200901|||20200901|BANQUE|
21|CREDIT AGRICOLE PRO|21-8901|20200901|51210000|CREDIT MUTUEL||VENTES|435|20200901|PRODUITS ANIMAUX|40|0|||20200901|||20200901|BANQUE|
21|CREDIT AGRICOLE PRO|21-8902|20200901|70200000|VENTES PRODUITS ANIM||VENTES|436|20200901|PRODUITS ANIMAUX|0|208,53|||20200901|||20200901|BANQUE|
21|CREDIT AGRICOLE PRO|21-8902|20200901|44571000|TVA COLLECTEE ENCAIS||VENTES|436|20200901|PRODUITS ANIMAUX|0|11,47|||20200901|||20200901|BANQUE|
21|CREDIT AGRICOLE PRO|21-8902|20200901|51210000|CREDIT MUTUEL||VENTES|436|20200901|PRODUITS ANIMAUX|220|0|||20200901|||20200901|BANQUE|
21|CREDIT AGRICOLE PRO|21-8903|20200901|60630000|ELECTRICITE||EDF|437|20200901|ELECTRICITE|133,06|0|||20200901|||20200901|BANQUE|
21|CREDIT AGRICOLE PRO|21-8903|20200901|44566000|TVA SUR AUT BIENS SE||EDF|437|20200901|ELECTRICITE|21,51|0|||20200901|||20200901|BANQUE|
21|CREDIT AGRICOLE PRO|21-8903|20200901|51210000|CREDIT MUTUEL||EDF|437|20200901|ELECTRICITE|0|154,57|||20200901|||20200901|BANQUE|
21|CREDIT AGRICOLE PRO|21-8904|20200901|60640000|CARBURANTS A LA POMP||INTERMARCHÉ|438|20200901|CARBURANTS A LA POMPE|35,13|0|||20200901|||20200901|BANQUE|
21|CREDIT AGRICOLE PRO|21-8904|20200901|44566000|TVA SUR AUT BIENS SE||INTERMARCHÉ|438|20200901|CARBURANTS A LA POMPE|7,03|0|||20200901|||20200901|BANQUE|
21|CREDIT AGRICOLE PRO|21-8904|20200901|51210000|CREDIT MUTUEL||INTERMARCHÉ|438|20200901|CARBURANTS A LA POMPE|0|42,16|||20200901|||20200901|BANQUE|
21|CREDIT AGRICOLE PRO|21-8905|20200901|60660000|PETIT MAT. ET OUTILL||MANOMANO|439|20200901|PETIT MAT. ET OUTILLAGE|78,32|0|||20200901|||20200901|BANQUE|
21|CREDIT AGRICOLE PRO|21-8905|20200901|44566000|TVA SUR AUT BIENS SE||MANOMANO|439|20200901|PETIT MAT. ET OUTILLAGE|15,66|0|||20200901|||20200901|BANQUE|
21|CREDIT AGRICOLE PRO|21-8905|20200901|51210000|CREDIT MUTUEL||MANOMANO|439|20200901|PETIT MAT. ET OUTILLAGE|0|93,98|||20200901|||20200901|BANQUE|
21|CREDIT AGRICOLE PRO|21-8906|20200901|60140000|ALIMENTS DU BETAIL||SUD-OUEST ALIMENT|440|20200901|aliment|197,73|0|||20200901|||20200901|BANQUE|
21|CREDIT AGRICOLE PRO|21-8906|20200901|60140000|ALIMENTS DU BETAIL||SUD-OUEST ALIMENT|440|20200901|aliment|33,25|0|||20200901|||20200901|BANQUE|
21|CREDIT AGRICOLE PRO|21-8906|20200901|44566000|TVA SUR AUT BIENS SE||SUD-OUEST ALIMENT|440|20200901|aliment|19,77|0|||20200901|||20200901|BANQUE|
21|CREDIT AGRICOLE PRO|21-8906|20200901|44566000|TVA SUR AUT BIENS SE||SUD-OUEST ALIMENT|440|20200901|aliment|6,65|0|||20200901|||20200901|BANQUE|
21|CREDIT AGRICOLE PRO|21-8906|20200901|51210000|CREDIT MUTUEL||SUD-OUEST ALIMENT|440|20200901|aliment|0|257,4|||20200901|||20200901|BANQUE|
21|CREDIT AGRICOLE PRO|21-8907|20200901|61680000|ASSUR. AUTRES. (ADI)||PACIFICA ASSU|441|20200901|ASSUR. AUTRES. (ADI)|53,37|0|||20200901|||20200901|BANQUE|
21|CREDIT AGRICOLE PRO|21-8907|20200901|51210000|CREDIT MUTUEL||PACIFICA ASSU|441|20200901|ASSUR. AUTRES. (ADI)|0|53,37|||20200901|||20200901|BANQUE|
21|CREDIT AGRICOLE PRO|21-8908|20200901|61680000|ASSUR. AUTRES. (ADI)||PACIFICA ASSU|442|20200901|ASSUR. AUTRES. (ADI)|86,74|0|||20200901|||20200901|BANQUE|
21|CREDIT AGRICOLE PRO|21-8908|20200901|51210000|CREDIT MUTUEL||PACIFICA ASSU|442|20200901|ASSUR. AUTRES. (ADI)|0|86,74|||20200901|||20200901|BANQUE|
21|CREDIT AGRICOLE PRO|21-8909|20200902|60660000|PETIT MAT. ET OUTILL||BRICO DESTOCK|443|20200902|PETIT MAT. ET OUTILLAGE|280,42|0|||20200902|||20200902|BANQUE|
21|CREDIT AGRICOLE PRO|21-8909|20200902|44566000|TVA SUR AUT BIENS SE||BRICO DESTOCK|443|20200902|PETIT MAT. ET OUTILLAGE|56,08|0|||20200902|||20200902|BANQUE|
21|CREDIT AGRICOLE PRO|21-8909|20200902|51210000|CREDIT MUTUEL||BRICO DESTOCK|443|20200902|PETIT MAT. ET OUTILLAGE|0|336,5|||20200902|||20200902|BANQUE|
21|CREDIT AGRICOLE PRO|21-8910|20200902|60240000|FOURNIT BUREAU||BUREAU VALLEE|444|20200902|divers bureau|79,13|0|||20200902|||20200902|BANQUE|
21|CREDIT AGRICOLE PRO|21-8910|20200902|60240000|FOURNIT BUREAU||BUREAU VALLEE|444|20200902|divers bureau|6,63|0|||20200902|||20200902|BANQUE|
21|CREDIT AGRICOLE PRO|21-8910|20200902|44566000|TVA SUR AUT BIENS SE||BUREAU VALLEE|444|20200902|divers bureau|15,83|0|||20200902|||20200902|BANQUE|
21|CREDIT AGRICOLE PRO|21-8910|20200902|44566000|TVA SUR AUT BIENS SE||BUREAU VALLEE|444|20200902|divers bureau|0,36|0|||20200902|||20200902|BANQUE|
21|CREDIT AGRICOLE PRO|21-8910|20200902|51210000|CREDIT MUTUEL||BUREAU VALLEE|444|20200902|divers bureau|0|101,95|||20200902|||20200902|BANQUE|
21|CREDIT AGRICOLE PRO|21-8911|20200902|10800000|COMPTE DE L EXPLOITA||PERSO|445|20200902|repas|11,3|0|||20200902|||20200902|BANQUE|
21|CREDIT AGRICOLE PRO|21-8911|20200902|51210000|CREDIT MUTUEL||PERSO|445|20200902|repas|0|11,3|||20200902|||20200902|BANQUE|
21|CREDIT AGRICOLE PRO|21-8912|20200902|60140000|ALIMENTS DU BETAIL||SUD-OUEST ALIMENT|446|20200902|aliment|297,45|0|||20200902|||20200902|BANQUE|
21|CREDIT AGRICOLE PRO|21-8912|20200902|44566000|TVA SUR AUT BIENS SE||SUD-OUEST ALIMENT|446|20200902|aliment|29,75|0|||20200902|||20200902|BANQUE|
21|CREDIT AGRICOLE PRO|21-8912|20200902|51210000|CREDIT MUTUEL||SUD-OUEST ALIMENT|446|20200902|aliment|0|327,2|||20200902|||20200902|BANQUE|
21|CREDIT AGRICOLE PRO|21-8913|20200902|61220000|CREDIT-BAIL MOBILIER||LIXXBAIL|447|20200902|voiture|1357,09|0|||20200902|||20200902|BANQUE|
21|CREDIT AGRICOLE PRO|21-8913|20200902|51210000|CREDIT MUTUEL||LIXXBAIL|447|20200902|voiture|0|1357,09|||20200902|||20200902|BANQUE|
21|CREDIT AGRICOLE PRO|21-8914|20200902|61680000|ASSUR. AUTRES. (ADI)||PACIFICA ASSU|448|20200902|ASSUR. AUTRES. (ADI)|21,79|0|||20200902|||20200902|BANQUE|
21|CREDIT AGRICOLE PRO|21-8914|20200902|51210000|CREDIT MUTUEL||PACIFICA ASSU|448|20200902|ASSUR. AUTRES. (ADI)|0|21,79|||20200902|||20200902|BANQUE|
21|CREDIT AGRICOLE PRO|21-8915|20200904|60640000|CARBURANTS A LA POMP||INTERMARCHÉ|449|20200904|CARBURANTS A LA POMPE|67,5|0|||20200904|||20200904|BANQUE|
21|CREDIT AGRICOLE PRO|21-8915|20200904|44566000|TVA SUR AUT BIENS SE||INTERMARCHÉ|449|20200904|CARBURANTS A LA POMPE|13,5|0|||20200904|||20200904|BANQUE|
21|CREDIT AGRICOLE PRO|21-8915|20200904|51210000|CREDIT MUTUEL||INTERMARCHÉ|449|20200904|CARBURANTS A LA POMPE|0|81|||20200904|||20200904|BANQUE|
21|CREDIT AGRICOLE PRO|21-8916|20200907|70200000|VENTES PRODUITS ANIM||BIOTOPE FEST|450|20200907|PRODUITS ANIMAUX|0|40,28|||20200907|||20200907|BANQUE|
21|CREDIT AGRICOLE PRO|21-8916|20200907|44571000|TVA COLLECTEE ENCAIS||BIOTOPE FEST|450|20200907|PRODUITS ANIMAUX|0|2,22|||20200907|||20200907|BANQUE|
21|CREDIT AGRICOLE PRO|21-8916|20200907|51210000|CREDIT MUTUEL||BIOTOPE FEST|450|20200907|PRODUITS ANIMAUX|42,5|0|||20200907|||20200907|BANQUE|
21|CREDIT AGRICOLE PRO|21-8917|20200907|61220000|CREDIT-BAIL MOBILIER||LIXXIBAIL|451|20200907|EMPRUNTS EXPLOITAT. M.T.|507,64|0|||20200907|||20200907|BANQUE|
21|CREDIT AGRICOLE PRO|21-8917|20200907|51210000|CREDIT MUTUEL||LIXXIBAIL|451|20200907|EMPRUNTS EXPLOITAT. M.T.|0|507,64|||20200907|||20200907|BANQUE|
21|CREDIT AGRICOLE PRO|21-8918|20200909|70200000|VENTES PRODUITS ANIM||VENTES|452|20200909|PRODUITS ANIMAUX|0|472,96|||20200909|||20200909|BANQUE|
21|CREDIT AGRICOLE PRO|21-8918|20200909|44571000|TVA COLLECTEE ENCAIS||VENTES|452|20200909|PRODUITS ANIMAUX|0|26,02|||20200909|||20200909|BANQUE|
21|CREDIT AGRICOLE PRO|21-8918|20200909|51210000|CREDIT MUTUEL||VENTES|452|20200909|PRODUITS ANIMAUX|498,98|0|||20200909|||20200909|BANQUE|
21|CREDIT AGRICOLE PRO|21-8919|20200909|70200000|VENTES PRODUITS ANIM||VENTES|453|20200909|PRODUITS ANIMAUX|0|59,24|||20200909|||20200909|BANQUE|
21|CREDIT AGRICOLE PRO|21-8919|20200909|44571000|TVA COLLECTEE ENCAIS||VENTES|453|20200909|PRODUITS ANIMAUX|0|3,26|||20200909|||20200909|BANQUE|
21|CREDIT AGRICOLE PRO|21-8919|20200909|51210000|CREDIT MUTUEL||VENTES|453|20200909|PRODUITS ANIMAUX|62,5|0|||20200909|||20200909|BANQUE|
21|CREDIT AGRICOLE PRO|21-8920|20200909|70200000|VENTES PRODUITS ANIM||VENTES|454|20200909|PRODUITS ANIMAUX|0|84,6|||20200909|||20200909|BANQUE|
21|CREDIT AGRICOLE PRO|21-8920|20200909|44571000|TVA COLLECTEE ENCAIS||VENTES|454|20200909|PRODUITS ANIMAUX|0|4,66|||20200909|||20200909|BANQUE|
21|CREDIT AGRICOLE PRO|21-8920|20200909|51210000|CREDIT MUTUEL||VENTES|454|20200909|PRODUITS ANIMAUX|89,26|0|||20200909|||20200909|BANQUE|
21|CREDIT AGRICOLE PRO|21-8921|20200909|70200000|VENTES PRODUITS ANIM||VENTES|455|20200909|PRODUITS ANIMAUX|0|148,12|||20200909|||20200909|BANQUE|
21|CREDIT AGRICOLE PRO|21-8921|20200909|44571000|TVA COLLECTEE ENCAIS||VENTES|455|20200909|PRODUITS ANIMAUX|0|8,15|||20200909|||20200909|BANQUE|
21|CREDIT AGRICOLE PRO|21-8921|20200909|51210000|CREDIT MUTUEL||VENTES|455|20200909|PRODUITS ANIMAUX|156,27|0|||20200909|||20200909|BANQUE|
21|CREDIT AGRICOLE PRO|21-8922|20200909|70200000|VENTES PRODUITS ANIM||VENTES|456|20200909|PRODUITS ANIMAUX|0|105,7|||20200909|||20200909|BANQUE|
21|CREDIT AGRICOLE PRO|21-8922|20200909|44571000|TVA COLLECTEE ENCAIS||VENTES|456|20200909|PRODUITS ANIMAUX|0|5,82|||20200909|||20200909|BANQUE|
21|CREDIT AGRICOLE PRO|21-8922|20200909|51210000|CREDIT MUTUEL||VENTES|456|20200909|PRODUITS ANIMAUX|111,52|0|||20200909|||20200909|BANQUE|
21|CREDIT AGRICOLE PRO|21-8923|20200909|70200000|VENTES PRODUITS ANIM||VENTES|457|20200909|PRODUITS ANIMAUX|0|139,53|||20200909|||20200909|BANQUE|
21|CREDIT AGRICOLE PRO|21-8923|20200909|44571000|TVA COLLECTEE ENCAIS||VENTES|457|20200909|PRODUITS ANIMAUX|0|7,68|||20200909|||20200909|BANQUE|
21|CREDIT AGRICOLE PRO|21-8923|20200909|51210000|CREDIT MUTUEL||VENTES|457|20200909|PRODUITS ANIMAUX|147,21|0|||20200909|||20200909|BANQUE|
21|CREDIT AGRICOLE PRO|21-8924|20200909|70200000|VENTES PRODUITS ANIM||VENTES|458|20200909|PRODUITS ANIMAUX|0|33,45|||20200909|||20200909|BANQUE|
21|CREDIT AGRICOLE PRO|21-8924|20200909|44571000|TVA COLLECTEE ENCAIS||VENTES|458|20200909|PRODUITS ANIMAUX|0|1,84|||20200909|||20200909|BANQUE|
21|CREDIT AGRICOLE PRO|21-8924|20200909|51210000|CREDIT MUTUEL||VENTES|458|20200909|PRODUITS ANIMAUX|35,29|0|||20200909|||20200909|BANQUE|
21|CREDIT AGRICOLE PRO|21-8925|20200909|60140000|ALIMENTS DU BETAIL||SUD-OUEST ALIMENT|459|20200909|aliment|361,24|0|||20200909|||20200909|BANQUE|
21|CREDIT AGRICOLE PRO|21-8925|20200909|60660000|PETIT MAT. ET OUTILL||SUD-OUEST ALIMENT|459|20200909|abreuvoir|49,92|0|||20200909|||20200909|BANQUE|
21|CREDIT AGRICOLE PRO|21-8925|20200909|44566000|TVA SUR AUT BIENS SE||SUD-OUEST ALIMENT|459|20200909|aliment|36,12|0|||20200909|||20200909|BANQUE|
21|CREDIT AGRICOLE PRO|21-8925|20200909|44566000|TVA SUR AUT BIENS SE||SUD-OUEST ALIMENT|459|20200909|abreuvoir|9,98|0|||20200909|||20200909|BANQUE|
21|CREDIT AGRICOLE PRO|21-8925|20200909|51210000|CREDIT MUTUEL||SUD-OUEST ALIMENT|459|20200909|abreuvoir|0|457,26|||20200909|||20200909|BANQUE|
21|CREDIT AGRICOLE PRO|21-8926|20200909|60150000|PRODUITS VETERINAIRE||BIOCOOP|460|20200909|vinaigre|10,29|0|||20200909|||20200909|BANQUE|
21|CREDIT AGRICOLE PRO|21-8926|20200909|44566000|TVA SUR AUT BIENS SE||BIOCOOP|460|20200909|vinaigre|0,73|0|||20200909|||20200909|BANQUE|
21|CREDIT AGRICOLE PRO|21-8926|20200909|51210000|CREDIT MUTUEL||BIOCOOP|460|20200909|vinaigre|0|11,02|||20200909|||20200909|BANQUE|
21|CREDIT AGRICOLE PRO|21-8927|20200910|70200000|VENTES PRODUITS ANIM||VENTES|461|20200910|PRODUITS ANIMAUX|0|274,88|||20200910|||20200910|BANQUE|
21|CREDIT AGRICOLE PRO|21-8927|20200910|44571000|TVA COLLECTEE ENCAIS||VENTES|461|20200910|PRODUITS ANIMAUX|0|15,12|||20200910|||20200910|BANQUE|
21|CREDIT AGRICOLE PRO|21-8927|20200910|51210000|CREDIT MUTUEL||VENTES|461|20200910|PRODUITS ANIMAUX|290|0|||20200910|||20200910|BANQUE|
21|CREDIT AGRICOLE PRO|21-8928|20200910|16420000|EMPRUNTS EXPLOITAT. ||BANQUE|462|20200910|capital|191,67|0|||20200910|||20200910|BANQUE|
21|CREDIT AGRICOLE PRO|21-8928|20200910|51210000|CREDIT MUTUEL||BANQUE|462|20200910|capital|0|191,67|||20200910|||20200910|BANQUE|
21|CREDIT AGRICOLE PRO|21-8929|20200910|66181000|INTS./DECOUVERT||BANQUE|463|20200910|retard|0,26|0|||20200910|||20200910|BANQUE|
21|CREDIT AGRICOLE PRO|21-8929|20200910|51210000|CREDIT MUTUEL||BANQUE|463|20200910|retard|0|0,26|||20200910|||20200910|BANQUE|
21|CREDIT AGRICOLE PRO|21-8930|20200910|66120000|INTS EMPRUNTS LMT||BANQUE|464|20200910|interets|28,11|0|||20200910|||20200910|BANQUE|
21|CREDIT AGRICOLE PRO|21-8930|20200910|51210000|CREDIT MUTUEL||BANQUE|464|20200910|interets|0|28,11|||20200910|||20200910|BANQUE|
21|CREDIT AGRICOLE PRO|21-8931|20200910|66181000|INTS./DECOUVERT||BANQUE|465|20200910|retard|0,03|0|||20200910|||20200910|BANQUE|
21|CREDIT AGRICOLE PRO|21-8931|20200910|51210000|CREDIT MUTUEL||BANQUE|465|20200910|retard|0|0,03|||20200910|||20200910|BANQUE|
21|CREDIT AGRICOLE PRO|21-8932|20200910|66181000|INTS./DECOUVERT||BANQUE|466|20200910|retard|0,02|0|||20200910|||20200910|BANQUE|
21|CREDIT AGRICOLE PRO|21-8932|20200910|51210000|CREDIT MUTUEL||BANQUE|466|20200910|retard|0|0,02|||20200910|||20200910|BANQUE|
21|CREDIT AGRICOLE PRO|21-8933|20200910|66120000|INTS EMPRUNTS LMT||BANQUE|467|20200910|INTS EMPRUNTS LMT|33,12|0|||20200910|||20200910|BANQUE|
21|CREDIT AGRICOLE PRO|21-8933|20200910|51210000|CREDIT MUTUEL||BANQUE|467|20200910|INTS EMPRUNTS LMT|0|33,12|||20200910|||20200910|BANQUE|
21|CREDIT AGRICOLE PRO|21-8934|20200910|66181000|INTS./DECOUVERT||BANQUE|468|20200910|SERVICES BANCAIRES|0,04|0|||20200910|||20200910|BANQUE|
21|CREDIT AGRICOLE PRO|21-8934|20200910|51210000|CREDIT MUTUEL||BANQUE|468|20200910|SERVICES BANCAIRES|0|0,04|||20200910|||20200910|BANQUE|
21|CREDIT AGRICOLE PRO|21-8935|20200910|66181000|INTS./DECOUVERT||BANQUE|469|20200910|SERVICES BANCAIRES|0,03|0|||20200910|||20200910|BANQUE|
21|CREDIT AGRICOLE PRO|21-8935|20200910|51210000|CREDIT MUTUEL||BANQUE|469|20200910|SERVICES BANCAIRES|0|0,03|||20200910|||20200910|BANQUE|
21|CREDIT AGRICOLE PRO|21-8936|20200911|60640000|CARBURANTS A LA POMP||INTERMARCHÉ|470|20200911|CARBURANTS A LA POMPE|66,67|0|||20200911|||20200911|BANQUE|
21|CREDIT AGRICOLE PRO|21-8936|20200911|44566000|TVA SUR AUT BIENS SE||INTERMARCHÉ|470|20200911|CARBURANTS A LA POMPE|13,33|0|||20200911|||20200911|BANQUE|
21|CREDIT AGRICOLE PRO|21-8936|20200911|51210000|CREDIT MUTUEL||INTERMARCHÉ|470|20200911|CARBURANTS A LA POMPE|0|80|||20200911|||20200911|BANQUE|
21|CREDIT AGRICOLE PRO|21-8937|20200915|21250000|AMENAG. NON AMORTISS||SITEL|471|20200915|cloture|233,33|0|||20200915|||20200915|BANQUE|
21|CREDIT AGRICOLE PRO|21-8937|20200915|44562000|TVA SUR IMMOBILISATI||SITEL|471|20200915|cloture|46,67|0|||20200915|||20200915|BANQUE|
21|CREDIT AGRICOLE PRO|21-8937|20200915|51210000|CREDIT MUTUEL||SITEL|471|20200915|cloture|0|280|||20200915|||20200915|BANQUE|
21|CREDIT AGRICOLE PRO|21-8938|20200915|60240000|FOURNIT BUREAU||BUREAU VALLEE|472|20200915|papier|12,18|0|||20200915|||20200915|BANQUE|
21|CREDIT AGRICOLE PRO|21-8938|20200915|44566000|TVA SUR AUT BIENS SE||BUREAU VALLEE|472|20200915|papier|2,44|0|||20200915|||20200915|BANQUE|
21|CREDIT AGRICOLE PRO|21-8938|20200915|51210000|CREDIT MUTUEL||BUREAU VALLEE|472|20200915|papier|0|14,62|||20200915|||20200915|BANQUE|
21|CREDIT AGRICOLE PRO|21-8939|20200915|61680000|ASSUR. AUTRES. (ADI)||PACIFICA ASSU|473|20200915|ASSUR. AUTRES. (ADI)|27,5|0|||20200915|||20200915|BANQUE|
21|CREDIT AGRICOLE PRO|21-8939|20200915|51210000|CREDIT MUTUEL||PACIFICA ASSU|473|20200915|ASSUR. AUTRES. (ADI)|0|27,5|||20200915|||20200915|BANQUE|
21|CREDIT AGRICOLE PRO|21-8940|20200916|66181000|INTS./DECOUVERT||BANQUE|474|20200916|SERVICES BANCAIRES|20|0|||20200916|||20200916|BANQUE|
21|CREDIT AGRICOLE PRO|21-8940|20200916|51210000|CREDIT MUTUEL||BANQUE|474|20200916|SERVICES BANCAIRES|0|20|||20200916|||20200916|BANQUE|
21|CREDIT AGRICOLE PRO|21-8941|20200916|66181000|INTS./DECOUVERT||BANQUE|475|20200916|SERVICES BANCAIRES|20|0|||20200916|||20200916|BANQUE|
21|CREDIT AGRICOLE PRO|21-8941|20200916|51210000|CREDIT MUTUEL||BANQUE|475|20200916|SERVICES BANCAIRES|0|20|||20200916|||20200916|BANQUE|
21|CREDIT AGRICOLE PRO|21-8942|20200916|66181000|INTS./DECOUVERT||BANQUE|476|20200916|SERVICES BANCAIRES|20|0|||20200916|||20200916|BANQUE|
21|CREDIT AGRICOLE PRO|21-8942|20200916|51210000|CREDIT MUTUEL||BANQUE|476|20200916|SERVICES BANCAIRES|0|20|||20200916|||20200916|BANQUE|
21|CREDIT AGRICOLE PRO|21-8943|20200917|60140000|ALIMENTS DU BETAIL||SUD-OUEST ALIMENT|477|20200917|aliment|316,29|0|||20200917|||20200917|BANQUE|
21|CREDIT AGRICOLE PRO|21-8943|20200917|44566000|TVA SUR AUT BIENS SE||SUD-OUEST ALIMENT|477|20200917|aliment|31,63|0|||20200917|||20200917|BANQUE|
21|CREDIT AGRICOLE PRO|21-8943|20200917|51210000|CREDIT MUTUEL||SUD-OUEST ALIMENT|477|20200917|aliment|0|347,92|||20200917|||20200917|BANQUE|
21|CREDIT AGRICOLE PRO|21-8944|20200917|60530000|TRAV/PRODUITS TRANSF||SOCLEO|478|20200917|DIVERS SERVICES EXTER.|30|0|||20200917|||20200917|BANQUE|
21|CREDIT AGRICOLE PRO|21-8944|20200917|44566000|TVA SUR AUT BIENS SE||SOCLEO|478|20200917|DIVERS SERVICES EXTER.|6|0|||20200917|||20200917|BANQUE|
21|CREDIT AGRICOLE PRO|21-8944|20200917|51210000|CREDIT MUTUEL||SOCLEO|478|20200917|DIVERS SERVICES EXTER.|0|36|||20200917|||20200917|BANQUE|
21|CREDIT AGRICOLE PRO|21-8945|20200918|10800000|COMPTE DE L EXPLOITA||PERSO|479|20200918|COMPTE DE L EXPLOITANT|78,62|0|||20200918|||20200918|BANQUE|
21|CREDIT AGRICOLE PRO|21-8945|20200918|51210000|CREDIT MUTUEL||PERSO|479|20200918|COMPTE DE L EXPLOITANT|0|78,62|||20200918|||20200918|BANQUE|
21|CREDIT AGRICOLE PRO|21-8946|20200918|10800000|COMPTE DE L EXPLOITA||PERSO|480|20200918|COMPTE DE L EXPLOITANT|14,05|0|||20200918|||20200918|BANQUE|
21|CREDIT AGRICOLE PRO|21-8946|20200918|51210000|CREDIT MUTUEL||PERSO|480|20200918|COMPTE DE L EXPLOITANT|0|14,05|||20200918|||20200918|BANQUE|
21|CREDIT AGRICOLE PRO|21-8947|20200922|70200000|VENTES PRODUITS ANIM||VENTES|481|20200922|PRODUITS ANIMAUX|0|124,05|||20200922|||20200922|BANQUE|
21|CREDIT AGRICOLE PRO|21-8947|20200922|44571000|TVA COLLECTEE ENCAIS||VENTES|481|20200922|PRODUITS ANIMAUX|0|6,83|||20200922|||20200922|BANQUE|
21|CREDIT AGRICOLE PRO|21-8947|20200922|51210000|CREDIT MUTUEL||VENTES|481|20200922|PRODUITS ANIMAUX|130,88|0|||20200922|||20200922|BANQUE|
21|CREDIT AGRICOLE PRO|21-8948|20200922|70200000|VENTES PRODUITS ANIM||VENTES|482|20200922|PRODUITS ANIMAUX|0|130,35|||20200922|||20200922|BANQUE|
21|CREDIT AGRICOLE PRO|21-8948|20200922|44571000|TVA COLLECTEE ENCAIS||VENTES|482|20200922|PRODUITS ANIMAUX|0|7,17|||20200922|||20200922|BANQUE|
21|CREDIT AGRICOLE PRO|21-8948|20200922|51210000|CREDIT MUTUEL||VENTES|482|20200922|PRODUITS ANIMAUX|137,52|0|||20200922|||20200922|BANQUE|
21|CREDIT AGRICOLE PRO|21-8949|20200922|70200000|VENTES PRODUITS ANIM||VENTES|483|20200922|PRODUITS ANIMAUX|0|95,44|||20200922|||20200922|BANQUE|
21|CREDIT AGRICOLE PRO|21-8949|20200922|44571000|TVA COLLECTEE ENCAIS||VENTES|483|20200922|PRODUITS ANIMAUX|0|5,25|||20200922|||20200922|BANQUE|
21|CREDIT AGRICOLE PRO|21-8949|20200922|51210000|CREDIT MUTUEL||VENTES|483|20200922|PRODUITS ANIMAUX|100,69|0|||20200922|||20200922|BANQUE|
21|CREDIT AGRICOLE PRO|21-8950|20200922|70200000|VENTES PRODUITS ANIM||VENTES|484|20200922|PRODUITS ANIMAUX|0|145,04|||20200922|||20200922|BANQUE|
21|CREDIT AGRICOLE PRO|21-8950|20200922|44571000|TVA COLLECTEE ENCAIS||VENTES|484|20200922|PRODUITS ANIMAUX|0|7,98|||20200922|||20200922|BANQUE|
21|CREDIT AGRICOLE PRO|21-8950|20200922|51210000|CREDIT MUTUEL||VENTES|484|20200922|PRODUITS ANIMAUX|153,02|0|||20200922|||20200922|BANQUE|
21|CREDIT AGRICOLE PRO|21-8951|20200922|70200000|VENTES PRODUITS ANIM||VENTES|485|20200922|PRODUITS ANIMAUX|0|49,63|||20200922|||20200922|BANQUE|
21|CREDIT AGRICOLE PRO|21-8951|20200922|44571000|TVA COLLECTEE ENCAIS||VENTES|485|20200922|PRODUITS ANIMAUX|0|2,73|||20200922|||20200922|BANQUE|
21|CREDIT AGRICOLE PRO|21-8951|20200922|51210000|CREDIT MUTUEL||VENTES|485|20200922|PRODUITS ANIMAUX|52,36|0|||20200922|||20200922|BANQUE|
21|CREDIT AGRICOLE PRO|21-8952|20200922|70200000|VENTES PRODUITS ANIM||VENTES|486|20200922|PRODUITS ANIMAUX|0|95,59|||20200922|||20200922|BANQUE|
21|CREDIT AGRICOLE PRO|21-8952|20200922|44571000|TVA COLLECTEE ENCAIS||VENTES|486|20200922|PRODUITS ANIMAUX|0|5,26|||20200922|||20200922|BANQUE|
21|CREDIT AGRICOLE PRO|21-8952|20200922|51210000|CREDIT MUTUEL||VENTES|486|20200922|PRODUITS ANIMAUX|100,85|0|||20200922|||20200922|BANQUE|
21|CREDIT AGRICOLE PRO|21-8953|20200922|70200000|VENTES PRODUITS ANIM||VENTES|487|20200922|PRODUITS ANIMAUX|0|91,41|||20200922|||20200922|BANQUE|
21|CREDIT AGRICOLE PRO|21-8953|20200922|44571000|TVA COLLECTEE ENCAIS||VENTES|487|20200922|PRODUITS ANIMAUX|0|5,03|||20200922|||20200922|BANQUE|
21|CREDIT AGRICOLE PRO|21-8953|20200922|51210000|CREDIT MUTUEL||VENTES|487|20200922|PRODUITS ANIMAUX|96,44|0|||20200922|||20200922|BANQUE|
21|CREDIT AGRICOLE PRO|21-8954|20200922|70200000|VENTES PRODUITS ANIM||VENTES|488|20200922|PRODUITS ANIMAUX|0|112,6|||20200922|||20200922|BANQUE|
21|CREDIT AGRICOLE PRO|21-8954|20200922|44571000|TVA COLLECTEE ENCAIS||VENTES|488|20200922|PRODUITS ANIMAUX|0|6,2|||20200922|||20200922|BANQUE|
21|CREDIT AGRICOLE PRO|21-8954|20200922|51210000|CREDIT MUTUEL||VENTES|488|20200922|PRODUITS ANIMAUX|118,8|0|||20200922|||20200922|BANQUE|
21|CREDIT AGRICOLE PRO|21-8955|20200922|70200000|VENTES PRODUITS ANIM||VENTES|489|20200922|PRODUITS ANIMAUX|0|116,27|||20200922|||20200922|BANQUE|
21|CREDIT AGRICOLE PRO|21-8955|20200922|44571000|TVA COLLECTEE ENCAIS||VENTES|489|20200922|PRODUITS ANIMAUX|0|6,4|||20200922|||20200922|BANQUE|
21|CREDIT AGRICOLE PRO|21-8955|20200922|51210000|CREDIT MUTUEL||VENTES|489|20200922|PRODUITS ANIMAUX|122,67|0|||20200922|||20200922|BANQUE|
21|CREDIT AGRICOLE PRO|21-8956|20200922|70200000|VENTES PRODUITS ANIM||VENTES|490|20200922|PRODUITS ANIMAUX|0|620,85|||20200922|||20200922|BANQUE|
21|CREDIT AGRICOLE PRO|21-8956|20200922|44571000|TVA COLLECTEE ENCAIS||VENTES|490|20200922|PRODUITS ANIMAUX|0|34,15|||20200922|||20200922|BANQUE|
21|CREDIT AGRICOLE PRO|21-8956|20200922|51210000|CREDIT MUTUEL||VENTES|490|20200922|PRODUITS ANIMAUX|655|0|||20200922|||20200922|BANQUE|
21|CREDIT AGRICOLE PRO|21-8957|20200923|70200000|VENTES PRODUITS ANIM||JARNAGE|491|20200923|PRODUITS ANIMAUX|0|87,2|||20200923|||20200923|BANQUE|
21|CREDIT AGRICOLE PRO|21-8957|20200923|44571000|TVA COLLECTEE ENCAIS||JARNAGE|491|20200923|PRODUITS ANIMAUX|0|4,8|||20200923|||20200923|BANQUE|
21|CREDIT AGRICOLE PRO|21-8957|20200923|51210000|CREDIT MUTUEL||JARNAGE|491|20200923|PRODUITS ANIMAUX|92|0|||20200923|||20200923|BANQUE|
21|CREDIT AGRICOLE PRO|21-8958|20200923|60180000|COMBUSTIBLES||LECLERC|492|20200923|GAZ COMBUSTIBLE|29,25|0|||20200923|||20200923|BANQUE|
21|CREDIT AGRICOLE PRO|21-8958|20200923|44566000|TVA SUR AUT BIENS SE||LECLERC|492|20200923|GAZ COMBUSTIBLE|5,85|0|||20200923|||20200923|BANQUE|
21|CREDIT AGRICOLE PRO|21-8958|20200923|51210000|CREDIT MUTUEL||LECLERC|492|20200923|GAZ COMBUSTIBLE|0|35,1|||20200923|||20200923|BANQUE|
21|CREDIT AGRICOLE PRO|21-8959|20200923|60640000|CARBURANTS A LA POMP||LECLERC|493|20200923|CARBURANTS A LA POMPE|64,16|0|||20200923|||20200923|BANQUE|
21|CREDIT AGRICOLE PRO|21-8959|20200923|44566000|TVA SUR AUT BIENS SE||LECLERC|493|20200923|CARBURANTS A LA POMPE|12,83|0|||20200923|||20200923|BANQUE|
21|CREDIT AGRICOLE PRO|21-8959|20200923|51210000|CREDIT MUTUEL||LECLERC|493|20200923|CARBURANTS A LA POMPE|0|76,99|||20200923|||20200923|BANQUE|
21|CREDIT AGRICOLE PRO|21-8960|20200923|61680000|ASSUR. AUTRES. (ADI)||PACIFICA ASSU|494|20200923|ASSUR. AUTRES. (ADI)|0,81|0|||20200923|||20200923|BANQUE|
21|CREDIT AGRICOLE PRO|21-8960|20200923|51210000|CREDIT MUTUEL||PACIFICA ASSU|494|20200923|ASSUR. AUTRES. (ADI)|0|0,81|||20200923|||20200923|BANQUE|
21|CREDIT AGRICOLE PRO|21-8961|20200924|62370000|PUBLICAT,TARIFS, MAI||LE GOUT DE NOTRE FER|495|20200924|PUBLICAT,TARIFS, MAILING|190,2|0|||20200924|||20200924|BANQUE|
21|CREDIT AGRICOLE PRO|21-8961|20200924|51210000|CREDIT MUTUEL||LE GOUT DE NOTRE FER|495|20200924|PUBLICAT,TARIFS, MAILING|0|190,2|||20200924|||20200924|BANQUE|
21|CREDIT AGRICOLE PRO|21-8962|20200924|62370000|PUBLICAT,TARIFS, MAI||LE GOUT DE NOTRE FER|496|20200924|PUBLICAT,TARIFS, MAILING|92|0|||20200924|||20200924|BANQUE|
21|CREDIT AGRICOLE PRO|21-8962|20200924|51210000|CREDIT MUTUEL||LE GOUT DE NOTRE FER|496|20200924|PUBLICAT,TARIFS, MAILING|0|92|||20200924|||20200924|BANQUE|
96|DETTES FIN EXER 401|96-8808|20200924|60400000|ACHATS D ANIMAUX||DETTES FIN EXER 401|D7|20200924|ANIMAUX|227,44|0|||20200924|||20200924||
96|DETTES FIN EXER 401|96-8808|20200924|40199999|FOURNISSEURS EXPLOIT||DETTES FIN EXER 401|D7|20200924|ANIMAUX|0|227,44|||20200924|||20200924||
21|CREDIT AGRICOLE PRO|21-8963|20200925|61680000|ASSUR. AUTRES. (ADI)||PREDICA|497|20200925|ASSUR. AUTRES. (ADI)|35,44|0|||20200925|||20200925|BANQUE|
21|CREDIT AGRICOLE PRO|21-8963|20200925|51210000|CREDIT MUTUEL||PREDICA|497|20200925|ASSUR. AUTRES. (ADI)|0|35,44|||20200925|||20200925|BANQUE|
21|CREDIT AGRICOLE PRO|21-8964|20200928|60640000|CARBURANTS A LA POMP||INTERMARCHÉ|498|20200928|CARBURANTS A LA POMPE|27,92|0|||20200928|||20200928|BANQUE|
21|CREDIT AGRICOLE PRO|21-8964|20200928|44566000|TVA SUR AUT BIENS SE||INTERMARCHÉ|498|20200928|CARBURANTS A LA POMPE|5,58|0|||20200928|||20200928|BANQUE|
21|CREDIT AGRICOLE PRO|21-8964|20200928|51210000|CREDIT MUTUEL||INTERMARCHÉ|498|20200928|CARBURANTS A LA POMPE|0|33,5|||20200928|||20200928|BANQUE|
21|CREDIT AGRICOLE PRO|21-8965|20200928|60140000|ALIMENTS DU BETAIL||SUD-OUEST ALIMENT|499|20200928|aliment|350,5|0|||20200928|||20200928|BANQUE|
21|CREDIT AGRICOLE PRO|21-8965|20200928|44566000|TVA SUR AUT BIENS SE||SUD-OUEST ALIMENT|499|20200928|aliment|35,05|0|||20200928|||20200928|BANQUE|
21|CREDIT AGRICOLE PRO|21-8965|20200928|51210000|CREDIT MUTUEL||SUD-OUEST ALIMENT|499|20200928|aliment|0|385,55|||20200928|||20200928|BANQUE|
21|CREDIT AGRICOLE PRO|21-8966|20200929|70200000|VENTES PRODUITS ANIM||VENTES|500|20200929|PRODUITS ANIMAUX|0|124|||20200929|||20200929|BANQUE|
21|CREDIT AGRICOLE PRO|21-8966|20200929|44571000|TVA COLLECTEE ENCAIS||VENTES|500|20200929|PRODUITS ANIMAUX|0|6,82|||20200929|||20200929|BANQUE|
21|CREDIT AGRICOLE PRO|21-8966|20200929|51210000|CREDIT MUTUEL||VENTES|500|20200929|PRODUITS ANIMAUX|130,82|0|||20200929|||20200929|BANQUE|
21|CREDIT AGRICOLE PRO|21-8967|20200929|70200000|VENTES PRODUITS ANIM||VENTES|501|20200929|PRODUITS ANIMAUX|0|50,95|||20200929|||20200929|BANQUE|
21|CREDIT AGRICOLE PRO|21-8967|20200929|44571000|TVA COLLECTEE ENCAIS||VENTES|501|20200929|PRODUITS ANIMAUX|0|2,81|||20200929|||20200929|BANQUE|
21|CREDIT AGRICOLE PRO|21-8967|20200929|51210000|CREDIT MUTUEL||VENTES|501|20200929|PRODUITS ANIMAUX|53,76|0|||20200929|||20200929|BANQUE|
21|CREDIT AGRICOLE PRO|21-8968|20200929|60640000|CARBURANTS A LA POMP||INTERMARCHÉ|502|20200929|CARBURANTS A LA POMPE|65,42|0|||20200929|||20200929|BANQUE|
21|CREDIT AGRICOLE PRO|21-8968|20200929|44566000|TVA SUR AUT BIENS SE||INTERMARCHÉ|502|20200929|CARBURANTS A LA POMPE|13,09|0|||20200929|||20200929|BANQUE|
21|CREDIT AGRICOLE PRO|21-8968|20200929|51210000|CREDIT MUTUEL||INTERMARCHÉ|502|20200929|CARBURANTS A LA POMPE|0|78,51|||20200929|||20200929|BANQUE|
21|CREDIT AGRICOLE PRO|21-8969|20200930|60150000|PRODUITS VETERINAIRE||SAN ELEVAGE|503|20200930|vinaigre|51,6|0|||20200930|||20200930|BANQUE|
21|CREDIT AGRICOLE PRO|21-8969|20200930|62400000|TRANSPORTS DES BIENS||SAN ELEVAGE|503|20200930|vinaigre port|35|0|||20200930|||20200930|BANQUE|
21|CREDIT AGRICOLE PRO|21-8969|20200930|44566000|TVA SUR AUT BIENS SE||SAN ELEVAGE|503|20200930|vinaigre|5,16|0|||20200930|||20200930|BANQUE|
21|CREDIT AGRICOLE PRO|21-8969|20200930|44566000|TVA SUR AUT BIENS SE||SAN ELEVAGE|503|20200930|vinaigre port|7|0|||20200930|||20200930|BANQUE|
21|CREDIT AGRICOLE PRO|21-8969|20200930|51210000|CREDIT MUTUEL||SAN ELEVAGE|503|20200930|vinaigre port|0|98,76|||20200930|||20200930|BANQUE|
21|CREDIT AGRICOLE PRO|21-8970|20200930|41199999|CLIENTS||BANQUE|504|20200930|cheque impayé volé|47,36|0|A||20200930|||20200930|BANQUE|
21|CREDIT AGRICOLE PRO|21-8970|20200930|51210000|CREDIT MUTUEL||BANQUE|504|20200930|cheque impayé volé|0|47,36|||20200930|||20200930|BANQUE|
91|O.D.  CENTRALISAT. TVA|91-4605|20200930|44551000|ETAT TVA A DECAISSER||TVA|TVA|20200930|CA3 (solde) Septembre|0|725|||20200930|||20200930||
91|O.D.  CENTRALISAT. TVA|91-4605|20200930|44567000|TVA CREDIT A REPORTE||TVA|TVA|20200930|CA3 (solde) Septembre|725|0|||20200930|||20200930||
91|O.D.  CENTRALISAT. TVA|91-4605|20200930|44562000|TVA SUR IMMOBILISATI||TVA|TVA|20200930|TVA DEDUCTIBLE|0|46,67|||20200930|||20200930||
91|O.D.  CENTRALISAT. TVA|91-4605|20200930|44566000|TVA SUR AUT BIENS SE||TVA|TVA|20200930|TVA DEDUCTIBLE|0|1203,58|||20200930|||20200930||
91|O.D.  CENTRALISAT. TVA|91-4605|20200930|44551000|ETAT TVA A DECAISSER||TVA|TVA|20200930|TVA/VENTES|0|526|||20200930|||20200930||
91|O.D.  CENTRALISAT. TVA|91-4605|20200930|44571000|TVA COLLECTEE ENCAIS||TVA|TVA|20200930|TVA/VENTES|526,33|0|||20200930|||20200930||
91|O.D.  CENTRALISAT. TVA|91-4605|20200930|44551000|ETAT TVA A DECAISSER||TVA|TVA|20200930|TVA DEDUCTIBLE|1251|0|||20200930|||20200930||
91|O.D.  CENTRALISAT. TVA|91-4605|20200930|75800000|PRODUIT DIVERS GESTI||TVA|TVA|20200930|Ajustement arrondi|0|1,08|||20200930|||20200930||
96|DETTES FIN EXER 401|96-8809|20200930|60530000|TRAV/PRODUITS TRANSF||DETTES FIN EXER 401|D8|20200930|abattage|653,3|0|||20200930|||20200930||
96|DETTES FIN EXER 401|96-8809|20200930|40199999|FOURNISSEURS EXPLOIT||DETTES FIN EXER 401|D8|20200930|abattage|0|653,3|||20200930|||20200930||
21|CREDIT AGRICOLE PRO|21-8621|20201001|70200000|VENTES PRODUITS ANIM||VENTES|505|20201001|PRODUITS ANIMAUX|0|502,37|||20201001|||20201001|BANQUE|
21|CREDIT AGRICOLE PRO|21-8621|20201001|44571000|TVA COLLECTEE ENCAIS||VENTES|505|20201001|PRODUITS ANIMAUX|0|27,63|||20201001|||20201001|BANQUE|
21|CREDIT AGRICOLE PRO|21-8621|20201001|51210000|CREDIT MUTUEL||VENTES|505|20201001|PRODUITS ANIMAUX|530|0|||20201001|||20201001|BANQUE|
21|CREDIT AGRICOLE PRO|21-8622|20201001|10800000|COMPTE DE L EXPLOITA||MOI|506|20201001|COMPTE DE L EXPLOITANT|35,1|0|||20201001|||20201001|BANQUE|
21|CREDIT AGRICOLE PRO|21-8622|20201001|51210000|CREDIT MUTUEL||MOI|506|20201001|COMPTE DE L EXPLOITANT|0|35,1|||20201001|||20201001|BANQUE|
21|CREDIT AGRICOLE PRO|21-8623|20201001|61680000|ASSUR. AUTRES. (ADI)||PACIFICA ASSU|507|20201001|ASSUR. AUTRES. (ADI)|53,37|0|||20201001|||20201001|BANQUE|
21|CREDIT AGRICOLE PRO|21-8623|20201001|51210000|CREDIT MUTUEL||PACIFICA ASSU|507|20201001|ASSUR. AUTRES. (ADI)|0|53,37|||20201001|||20201001|BANQUE|
21|CREDIT AGRICOLE PRO|21-8624|20201001|61680000|ASSUR. AUTRES. (ADI)||PACIFICA ASSU|508|20201001|ASSUR. AUTRES. (ADI)|88,12|0|||20201001|||20201001|BANQUE|
21|CREDIT AGRICOLE PRO|21-8624|20201001|51210000|CREDIT MUTUEL||PACIFICA ASSU|508|20201001|ASSUR. AUTRES. (ADI)|0|88,12|||20201001|||20201001|BANQUE|
22|PRIVE|22-8025|20201001|64114000|SALAIRE APPRENTI||ERWAN COHIGNAC|PR3|20201001|SALAIRE APPRENTI|322,24|0|||20201001|||20201001|BANQUE|
22|PRIVE|22-8025|20201001|10800000|COMPTE DE L EXPLOITA||ERWAN COHIGNAC|PR3|20201001|SALAIRE APPRENTI|0|322,24|||20201001|||20201001|BANQUE|
90|OPERATION DIVERSES|90-6780|20201001|21250000|AMENAG. NON AMORTISS||SITEL|X1|20201001|AMENAG. NON AMORTISSABLE|0|233,33|||20201001|||20201001||
90|OPERATION DIVERSES|90-6780|20201001|40910000|FOURNISSEURS AVANCES||SITEL|X1|20201001|FOURNISSEURS AVANCES ACOM|280|0|*B||20201001|||20201001||
90|OPERATION DIVERSES|90-6780|20201001|44562000|TVA SUR IMMOBILISATI||SITEL|X1|20201001|AMENAG. NON AMORTISSABLE|0|46,67|||20201001|||20201001||
90|OPERATION DIVERSES|90-6781|20201001|41199999|CLIENTS||XXX|X2|20201001|cheque volé|0|47,36|A||20201001|||20201001||
90|OPERATION DIVERSES|90-6781|20201001|70200000|VENTES PRODUITS ANIM||XXX|X2|20201001|cheque volé|44,89|0|||20201001|||20201001||
90|OPERATION DIVERSES|90-6781|20201001|44571000|TVA COLLECTEE ENCAIS||XXX|X2|20201001|cheque volé|2,47|0|||20201001|||20201001||
90|OPERATION DIVERSES|90-6782|20201001|64600000|COTIS.SOCIALES EXPLO||MSA|X3|20201001|msa 2020|3734|0|||20201001|||20201001||
90|OPERATION DIVERSES|90-6782|20201001|10800000|COMPTE DE L EXPLOITA||MSA|X3|20201001|msa 2020 compte privé|0|1743,6|||20201001|||20201001||
90|OPERATION DIVERSES|90-6782|20201001|43100000|SECURITE SOCIALE ET ||MSA|X3|20201001|dette msa 2020|0|1990,4|||20201001|||20201001||
90|OPERATION DIVERSES|90-6783|20201001|43100000|SECURITE SOCIALE ET ||MSA|X4|20201001|rectif msa 2019|318,02|0|A||20201001|||20201001||
90|OPERATION DIVERSES|90-6783|20201001|43100000|SECURITE SOCIALE ET ||MSA|X4|20201001|rectif msa 2019|0|304|||20201001|||20201001||
90|OPERATION DIVERSES|90-6783|20201001|64600000|COTIS.SOCIALES EXPLO||MSA|X4|20201001|rectif msa 2019|0|14,02|||20201001|||20201001||
21|CREDIT AGRICOLE PRO|21-8625|20201002|60140000|ALIMENTS DU BETAIL||SUD-OUEST ALIMENT|509|20201002|Aliment|350,5|0|||20201002|||20201002|BANQUE|
21|CREDIT AGRICOLE PRO|21-8625|20201002|44566000|TVA SUR AUT BIENS SE||SUD-OUEST ALIMENT|509|20201002|Aliment|35,05|0|||20201002|||20201002|BANQUE|
21|CREDIT AGRICOLE PRO|21-8625|20201002|51210000|CREDIT MUTUEL||SUD-OUEST ALIMENT|509|20201002|Aliment|0|385,55|||20201002|||20201002|BANQUE|
21|CREDIT AGRICOLE PRO|21-8626|20201002|61680000|ASSUR. AUTRES. (ADI)||PACIFICA ASSU|510|20201002|Assu Pret Pro|21,79|0|||20201002|||20201002|BANQUE|
21|CREDIT AGRICOLE PRO|21-8626|20201002|51210000|CREDIT MUTUEL||PACIFICA ASSU|510|20201002|Assu Pret Pro|0|21,79|||20201002|||20201002|BANQUE|
21|CREDIT AGRICOLE PRO|21-8627|20201005|10800000|COMPTE DE L EXPLOITA||MOI|511|20201005|CARBURANTS A LA POMPE|78|0|||20201005|||20201005|BANQUE|
21|CREDIT AGRICOLE PRO|21-8627|20201005|51210000|CREDIT MUTUEL||MOI|511|20201005|CARBURANTS A LA POMPE|0|78|||20201005|||20201005|BANQUE|
21|CREDIT AGRICOLE PRO|21-8628|20201005|47000000|COMPTES D  ATTENTE||LIXXBAIL|512|20201005|Véhicule|507,64|0|B||20201005|||20201005|BANQUE|
21|CREDIT AGRICOLE PRO|21-8628|20201005|51210000|CREDIT MUTUEL||LIXXBAIL|512|20201005|Véhicule|0|507,64|||20201005|||20201005|BANQUE|
21|CREDIT AGRICOLE PRO|21-8629|20201005|66181000|INTS./DECOUVERT||BANQUE|513|20201005|Interets Débit|4,96|0|||20201005|||20201005|BANQUE|
21|CREDIT AGRICOLE PRO|21-8629|20201005|51210000|CREDIT MUTUEL||BANQUE|513|20201005|Interets Débit|0|4,96|||20201005|||20201005|BANQUE|
21|CREDIT AGRICOLE PRO|21-8630|20201006|47000000|COMPTES D  ATTENTE||LIXXBAIL|514|20201006|Rejet véhicule|0|507,64|B||20201006|||20201006|BANQUE|
21|CREDIT AGRICOLE PRO|21-8630|20201006|51210000|CREDIT MUTUEL||LIXXBAIL|514|20201006|Rejet véhicule|507,64|0|||20201006|||20201006|BANQUE|
21|CREDIT AGRICOLE PRO|21-8631|20201006|60400000|ACHATS D ANIMAUX||MISSON|515|20201006|ANIMAUX|370,2|0|||20201006|||20201006|BANQUE|
21|CREDIT AGRICOLE PRO|21-8631|20201006|44566000|TVA SUR AUT BIENS SE||MISSON|515|20201006|ANIMAUX|37,02|0|||20201006|||20201006|BANQUE|
21|CREDIT AGRICOLE PRO|21-8631|20201006|51210000|CREDIT MUTUEL||MISSON|515|20201006|ANIMAUX|0|407,22|||20201006|||20201006|BANQUE|
21|CREDIT AGRICOLE PRO|21-8632|20201006|60530000|TRAV/PRODUITS TRANSF||ABATTOIR|516|20201006|Abattage|453,05|0|||20201006|||20201006|BANQUE|
21|CREDIT AGRICOLE PRO|21-8632|20201006|60170000|EMBALLAGES||ABATTOIR|516|20201006|sous vide|0,83|0|||20201006|||20201006|BANQUE|
21|CREDIT AGRICOLE PRO|21-8632|20201006|44566000|TVA SUR AUT BIENS SE||ABATTOIR|516|20201006|Abattage|24,92|0|||20201006|||20201006|BANQUE|
21|CREDIT AGRICOLE PRO|21-8632|20201006|44566000|TVA SUR AUT BIENS SE||ABATTOIR|516|20201006|sous vide|0,17|0|||20201006|||20201006|BANQUE|
21|CREDIT AGRICOLE PRO|21-8632|20201006|51210000|CREDIT MUTUEL||ABATTOIR|516|20201006|sous vide|0|478,97|||20201006|||20201006|BANQUE|
21|CREDIT AGRICOLE PRO|21-8633|20201006|60530000|TRAV/PRODUITS TRANSF||ABATTOIR|517|20201006|Abattage|259,23|0|||20201006|||20201006|BANQUE|
21|CREDIT AGRICOLE PRO|21-8633|20201006|44566000|TVA SUR AUT BIENS SE||ABATTOIR|517|20201006|Abattage|14,26|0|||20201006|||20201006|BANQUE|
21|CREDIT AGRICOLE PRO|21-8633|20201006|51210000|CREDIT MUTUEL||ABATTOIR|517|20201006|Abattage|0|273,49|||20201006|||20201006|BANQUE|
21|CREDIT AGRICOLE PRO|21-8634|20201006|60180000|COMBUSTIBLES||SUPER U|518|20201006|Gaz|29,37|0|||20201006|||20201006|BANQUE|
21|CREDIT AGRICOLE PRO|21-8634|20201006|44566000|TVA SUR AUT BIENS SE||SUPER U|518|20201006|Gaz|5,88|0|||20201006|||20201006|BANQUE|
21|CREDIT AGRICOLE PRO|21-8634|20201006|51210000|CREDIT MUTUEL||SUPER U|518|20201006|Gaz|0|35,25|||20201006|||20201006|BANQUE|
21|CREDIT AGRICOLE PRO|21-8635|20201007|70200000|VENTES PRODUITS ANIM||VENTES|519|20201007|PRODUITS ANIMAUX|0|178,15|||20201007|||20201007|BANQUE|
21|CREDIT AGRICOLE PRO|21-8635|20201007|44571000|TVA COLLECTEE ENCAIS||VENTES|519|20201007|PRODUITS ANIMAUX|0|9,8|||20201007|||20201007|BANQUE|
21|CREDIT AGRICOLE PRO|21-8635|20201007|51210000|CREDIT MUTUEL||VENTES|519|20201007|PRODUITS ANIMAUX|187,95|0|||20201007|||20201007|BANQUE|
21|CREDIT AGRICOLE PRO|21-8636|20201007|70200000|VENTES PRODUITS ANIM||VENTES|520|20201007|PRODUITS ANIMAUX|0|182,98|||20201007|||20201007|BANQUE|
21|CREDIT AGRICOLE PRO|21-8636|20201007|44571000|TVA COLLECTEE ENCAIS||VENTES|520|20201007|PRODUITS ANIMAUX|0|10,06|||20201007|||20201007|BANQUE|
21|CREDIT AGRICOLE PRO|21-8636|20201007|51210000|CREDIT MUTUEL||VENTES|520|20201007|PRODUITS ANIMAUX|193,04|0|||20201007|||20201007|BANQUE|
21|CREDIT AGRICOLE PRO|21-8637|20201007|70200000|VENTES PRODUITS ANIM||VENTES|521|20201007|PRODUITS ANIMAUX|0|149,45|||20201007|||20201007|BANQUE|
21|CREDIT AGRICOLE PRO|21-8637|20201007|44571000|TVA COLLECTEE ENCAIS||VENTES|521|20201007|PRODUITS ANIMAUX|0|8,23|||20201007|||20201007|BANQUE|
21|CREDIT AGRICOLE PRO|21-8637|20201007|51210000|CREDIT MUTUEL||VENTES|521|20201007|PRODUITS ANIMAUX|157,68|0|||20201007|||20201007|BANQUE|
21|CREDIT AGRICOLE PRO|21-8638|20201007|70200000|VENTES PRODUITS ANIM||VENTES|522|20201007|PRODUITS ANIMAUX|0|139,52|||20201007|||20201007|BANQUE|
21|CREDIT AGRICOLE PRO|21-8638|20201007|44571000|TVA COLLECTEE ENCAIS||VENTES|522|20201007|PRODUITS ANIMAUX|0|7,68|||20201007|||20201007|BANQUE|
21|CREDIT AGRICOLE PRO|21-8638|20201007|51210000|CREDIT MUTUEL||VENTES|522|20201007|PRODUITS ANIMAUX|147,2|0|||20201007|||20201007|BANQUE|
21|CREDIT AGRICOLE PRO|21-8639|20201007|70200000|VENTES PRODUITS ANIM||VENTES|523|20201007|PRODUITS ANIMAUX|0|137,99|||20201007|||20201007|BANQUE|
21|CREDIT AGRICOLE PRO|21-8639|20201007|44571000|TVA COLLECTEE ENCAIS||VENTES|523|20201007|PRODUITS ANIMAUX|0|7,59|||20201007|||20201007|BANQUE|
21|CREDIT AGRICOLE PRO|21-8639|20201007|51210000|CREDIT MUTUEL||VENTES|523|20201007|PRODUITS ANIMAUX|145,58|0|||20201007|||20201007|BANQUE|
21|CREDIT AGRICOLE PRO|21-8640|20201007|70200000|VENTES PRODUITS ANIM||VENTES|524|20201007|PRODUITS ANIMAUX|0|28,43|||20201007|||20201007|BANQUE|
21|CREDIT AGRICOLE PRO|21-8640|20201007|44571000|TVA COLLECTEE ENCAIS||VENTES|524|20201007|PRODUITS ANIMAUX|0|1,57|||20201007|||20201007|BANQUE|
21|CREDIT AGRICOLE PRO|21-8640|20201007|51210000|CREDIT MUTUEL||VENTES|524|20201007|PRODUITS ANIMAUX|30|0|||20201007|||20201007|BANQUE|
21|CREDIT AGRICOLE PRO|21-8641|20201007|60140000|ALIMENTS DU BETAIL||SUD-OUEST ALIMENT|525|20201007|Aliment|203,11|0|||20201007|||20201007|BANQUE|
21|CREDIT AGRICOLE PRO|21-8641|20201007|44566000|TVA SUR AUT BIENS SE||SUD-OUEST ALIMENT|525|20201007|Aliment|20,31|0|||20201007|||20201007|BANQUE|
21|CREDIT AGRICOLE PRO|21-8641|20201007|51210000|CREDIT MUTUEL||SUD-OUEST ALIMENT|525|20201007|Aliment|0|223,42|||20201007|||20201007|BANQUE|
21|CREDIT AGRICOLE PRO|21-8642|20201007|60640000|CARBURANTS A LA POMP||LECLERC|526|20201007|CARBURANTS A LA POMPE|12,87|0|||20201007|||20201007|BANQUE|
21|CREDIT AGRICOLE PRO|21-8642|20201007|44566000|TVA SUR AUT BIENS SE||LECLERC|526|20201007|CARBURANTS A LA POMPE|2,58|0|||20201007|||20201007|BANQUE|
21|CREDIT AGRICOLE PRO|21-8642|20201007|51210000|CREDIT MUTUEL||LECLERC|526|20201007|CARBURANTS A LA POMPE|0|15,45|||20201007|||20201007|BANQUE|
21|CREDIT AGRICOLE PRO|21-8643|20201008|70200000|VENTES PRODUITS ANIM||VENTES|527|20201008|PRODUITS ANIMAUX|0|33,18|||20201008|||20201008|BANQUE|
21|CREDIT AGRICOLE PRO|21-8643|20201008|44571000|TVA COLLECTEE ENCAIS||VENTES|527|20201008|PRODUITS ANIMAUX|0|1,82|||20201008|||20201008|BANQUE|
21|CREDIT AGRICOLE PRO|21-8643|20201008|51210000|CREDIT MUTUEL||VENTES|527|20201008|PRODUITS ANIMAUX|35|0|||20201008|||20201008|BANQUE|
21|CREDIT AGRICOLE PRO|21-8644|20201008|70200000|VENTES PRODUITS ANIM||VENTES|528|20201008|PRODUITS ANIMAUX|0|433,05|||20201008|||20201008|BANQUE|
21|CREDIT AGRICOLE PRO|21-8644|20201008|44571000|TVA COLLECTEE ENCAIS||VENTES|528|20201008|PRODUITS ANIMAUX|0|23,82|||20201008|||20201008|BANQUE|
21|CREDIT AGRICOLE PRO|21-8644|20201008|51210000|CREDIT MUTUEL||VENTES|528|20201008|PRODUITS ANIMAUX|456,87|0|||20201008|||20201008|BANQUE|
21|CREDIT AGRICOLE PRO|21-8645|20201008|70200000|VENTES PRODUITS ANIM||VENTES|529|20201008|PRODUITS ANIMAUX|0|369,68|||20201008|||20201008|BANQUE|
21|CREDIT AGRICOLE PRO|21-8645|20201008|44571000|TVA COLLECTEE ENCAIS||VENTES|529|20201008|PRODUITS ANIMAUX|0|20,32|||20201008|||20201008|BANQUE|
21|CREDIT AGRICOLE PRO|21-8645|20201008|51210000|CREDIT MUTUEL||VENTES|529|20201008|PRODUITS ANIMAUX|390|0|||20201008|||20201008|BANQUE|
21|CREDIT AGRICOLE PRO|21-8646|20201008|60140000|ALIMENTS DU BETAIL||SUD-OUEST ALIMENT|530|20201008|croc|16,63|0|||20201008|||20201008|BANQUE|
21|CREDIT AGRICOLE PRO|21-8646|20201008|23460000|PLANT.PERENNES EN CO||SUD-OUEST ALIMENT|530|20201008|Arbres (10)|656,55|0|||20201008|||20201008|BANQUE|
21|CREDIT AGRICOLE PRO|21-8646|20201008|44566000|TVA SUR AUT BIENS SE||SUD-OUEST ALIMENT|530|20201008|croc|3,33|0|||20201008|||20201008|BANQUE|
21|CREDIT AGRICOLE PRO|21-8646|20201008|44562000|TVA SUR IMMOBILISATI||SUD-OUEST ALIMENT|530|20201008|Arbres (10)|65,65|0|||20201008|||20201008|BANQUE|
21|CREDIT AGRICOLE PRO|21-8646|20201008|51210000|CREDIT MUTUEL||SUD-OUEST ALIMENT|530|20201008|Arbres (10)|0|742,16|||20201008|||20201008|BANQUE|
21|CREDIT AGRICOLE PRO|21-8647|20201009|70200000|VENTES PRODUITS ANIM||BIOTOPE FESTIVA|531|20201009|PRODUITS ANIMAUX|0|49,76|||20201009|||20201009|BANQUE|
21|CREDIT AGRICOLE PRO|21-8647|20201009|44571000|TVA COLLECTEE ENCAIS||BIOTOPE FESTIVA|531|20201009|PRODUITS ANIMAUX|0|2,74|||20201009|||20201009|BANQUE|
21|CREDIT AGRICOLE PRO|21-8647|20201009|51210000|CREDIT MUTUEL||BIOTOPE FESTIVA|531|20201009|PRODUITS ANIMAUX|52,5|0|||20201009|||20201009|BANQUE|
21|CREDIT AGRICOLE PRO|21-8648|20201012|60140000|ALIMENTS DU BETAIL||SUD-OUEST ALIMENT|532|20201012|Aliment|350,5|0|||20201012|||20201012|BANQUE|
21|CREDIT AGRICOLE PRO|21-8648|20201012|44566000|TVA SUR AUT BIENS SE||SUD-OUEST ALIMENT|532|20201012|Aliment|35,05|0|||20201012|||20201012|BANQUE|
21|CREDIT AGRICOLE PRO|21-8648|20201012|51210000|CREDIT MUTUEL||SUD-OUEST ALIMENT|532|20201012|Aliment|0|385,55|||20201012|||20201012|BANQUE|
21|CREDIT AGRICOLE PRO|21-8649|20201013|10800000|COMPTE DE L EXPLOITA||MOI|533|20201013|COMPTE DE L EXPLOITANT|78,85|0|||20201013|||20201013|BANQUE|
21|CREDIT AGRICOLE PRO|21-8649|20201013|51210000|CREDIT MUTUEL||MOI|533|20201013|COMPTE DE L EXPLOITANT|0|78,85|||20201013|||20201013|BANQUE|
21|CREDIT AGRICOLE PRO|21-8650|20201014|47000000|COMPTES D  ATTENTE||LIXXBAIL|534|20201014|CREDIT-BAIL MOBILIER|607,64|0|C||20201014|||20201014|BANQUE|
21|CREDIT AGRICOLE PRO|21-8650|20201014|51210000|CREDIT MUTUEL||LIXXBAIL|534|20201014|CREDIT-BAIL MOBILIER|0|607,64|||20201014|||20201014|BANQUE|
22|PRIVE|22-8026|20201014|60140000|ALIMENTS DU BETAIL||SUD-OUEST ALIMENT|PR4|20201014|aliment|211,2|0|||20201014|||20201014|BANQUE|
22|PRIVE|22-8026|20201014|44566000|TVA SUR AUT BIENS SE||SUD-OUEST ALIMENT|PR4|20201014|aliment|21,12|0|||20201014|||20201014|BANQUE|
22|PRIVE|22-8026|20201014|10800000|COMPTE DE L EXPLOITA||SUD-OUEST ALIMENT|PR4|20201014|aliment|0|232,32|||20201014|||20201014|BANQUE|
21|CREDIT AGRICOLE PRO|21-8651|20201015|47000000|COMPTES D  ATTENTE||LIXXBAIL|535|20201015|rejet|0|607,64|C||20201015|||20201015|BANQUE|
21|CREDIT AGRICOLE PRO|21-8651|20201015|51210000|CREDIT MUTUEL||LIXXBAIL|535|20201015|rejet|607,64|0|||20201015|||20201015|BANQUE|
21|CREDIT AGRICOLE PRO|21-8652|20201015|61680000|ASSUR. AUTRES. (ADI)||PACIFICA ASSU|536|20201015|ASSUR. AUTRES. (ADI)|27,5|0|||20201015|||20201015|BANQUE|
21|CREDIT AGRICOLE PRO|21-8652|20201015|51210000|CREDIT MUTUEL||PACIFICA ASSU|536|20201015|ASSUR. AUTRES. (ADI)|0|27,5|||20201015|||20201015|BANQUE|
21|CREDIT AGRICOLE PRO|21-8653|20201016|66181000|INTS./DECOUVERT||BANQUE|537|20201016|Frais impayés|20|0|||20201016|||20201016|BANQUE|
21|CREDIT AGRICOLE PRO|21-8653|20201016|51210000|CREDIT MUTUEL||BANQUE|537|20201016|Frais impayés|0|20|||20201016|||20201016|BANQUE|
21|CREDIT AGRICOLE PRO|21-8654|20201016|66181000|INTS./DECOUVERT||BANQUE|538|20201016|penalité|20|0|||20201016|||20201016|BANQUE|
21|CREDIT AGRICOLE PRO|21-8654|20201016|51210000|CREDIT MUTUEL||BANQUE|538|20201016|penalité|0|20|||20201016|||20201016|BANQUE|
21|CREDIT AGRICOLE PRO|21-8655|20201016|66181000|INTS./DECOUVERT||BANQUE|539|20201016|penalité|20|0|||20201016|||20201016|BANQUE|
21|CREDIT AGRICOLE PRO|21-8655|20201016|51210000|CREDIT MUTUEL||BANQUE|539|20201016|penalité|0|20|||20201016|||20201016|BANQUE|
21|CREDIT AGRICOLE PRO|21-8656|20201016|60530000|TRAV/PRODUITS TRANSF||ABATTOIR|540|20201016|Abattage|75|0|||20201016|||20201016|BANQUE|
21|CREDIT AGRICOLE PRO|21-8656|20201016|60530000|TRAV/PRODUITS TRANSF||ABATTOIR|540|20201016|personnel découpe|6,41|0|||20201016|||20201016|BANQUE|
21|CREDIT AGRICOLE PRO|21-8656|20201016|44566000|TVA SUR AUT BIENS SE||ABATTOIR|540|20201016|Abattage|7,5|0|||20201016|||20201016|BANQUE|
21|CREDIT AGRICOLE PRO|21-8656|20201016|44566000|TVA SUR AUT BIENS SE||ABATTOIR|540|20201016|personnel découpe|1,28|0|||20201016|||20201016|BANQUE|
21|CREDIT AGRICOLE PRO|21-8656|20201016|51210000|CREDIT MUTUEL||ABATTOIR|540|20201016|personnel découpe|0|90,19|||20201016|||20201016|BANQUE|
21|CREDIT AGRICOLE PRO|21-8657|20201016|47000000|COMPTES D  ATTENTE||SOCLEO|541|20201016|socleo|36|0|D||20201016|||20201016|BANQUE|
21|CREDIT AGRICOLE PRO|21-8657|20201016|51210000|CREDIT MUTUEL||SOCLEO|541|20201016|socleo|0|36|||20201016|||20201016|BANQUE|
21|CREDIT AGRICOLE PRO|21-8658|20201019|70200000|VENTES PRODUITS ANIM||VENTES|542|20201019|PRODUITS ANIMAUX|0|157,34|||20201019|||20201019|BANQUE|
21|CREDIT AGRICOLE PRO|21-8658|20201019|44571000|TVA COLLECTEE ENCAIS||VENTES|542|20201019|PRODUITS ANIMAUX|0|8,66|||20201019|||20201019|BANQUE|
21|CREDIT AGRICOLE PRO|21-8658|20201019|51210000|CREDIT MUTUEL||VENTES|542|20201019|PRODUITS ANIMAUX|166|0|||20201019|||20201019|BANQUE|
21|CREDIT AGRICOLE PRO|21-8659|20201019|47000000|COMPTES D  ATTENTE||SOCLEO|543|20201019|COMPTES D  ATTENTE|0|36|D||20201019|||20201019|BANQUE|
21|CREDIT AGRICOLE PRO|21-8659|20201019|51210000|CREDIT MUTUEL||SOCLEO|543|20201019|COMPTES D  ATTENTE|36|0|||20201019|||20201019|BANQUE|
21|CREDIT AGRICOLE PRO|21-8660|20201019|47000000|COMPTES D  ATTENTE||SITEL|544|20201019|rejet |842,76|0|F||20201019|||20201019|BANQUE|
21|CREDIT AGRICOLE PRO|21-8660|20201019|51210000|CREDIT MUTUEL||SITEL|544|20201019|rejet |0|842,76|||20201019|||20201019|BANQUE|
21|CREDIT AGRICOLE PRO|21-8661|20201019|60640000|CARBURANTS A LA POMP||INTERMARCHÉ|545|20201019|CARBURANTS A LA POMPE|68,85|0|||20201019|||20201019|BANQUE|
21|CREDIT AGRICOLE PRO|21-8661|20201019|44566000|TVA SUR AUT BIENS SE||INTERMARCHÉ|545|20201019|CARBURANTS A LA POMPE|13,77|0|||20201019|||20201019|BANQUE|
21|CREDIT AGRICOLE PRO|21-8661|20201019|51210000|CREDIT MUTUEL||INTERMARCHÉ|545|20201019|CARBURANTS A LA POMPE|0|82,62|||20201019|||20201019|BANQUE|
21|CREDIT AGRICOLE PRO|21-8662|20201020|70200000|VENTES PRODUITS ANIM||VENTES|546|20201020|PRODUITS ANIMAUX|0|132,14|||20201020|||20201020|BANQUE|
21|CREDIT AGRICOLE PRO|21-8662|20201020|44571000|TVA COLLECTEE ENCAIS||VENTES|546|20201020|PRODUITS ANIMAUX|0|7,27|||20201020|||20201020|BANQUE|
21|CREDIT AGRICOLE PRO|21-8662|20201020|51210000|CREDIT MUTUEL||VENTES|546|20201020|PRODUITS ANIMAUX|139,41|0|||20201020|||20201020|BANQUE|
21|CREDIT AGRICOLE PRO|21-8663|20201020|70200000|VENTES PRODUITS ANIM||VENTES|547|20201020|PRODUITS ANIMAUX|0|206,12|||20201020|||20201020|BANQUE|
21|CREDIT AGRICOLE PRO|21-8663|20201020|44571000|TVA COLLECTEE ENCAIS||VENTES|547|20201020|PRODUITS ANIMAUX|0|11,34|||20201020|||20201020|BANQUE|
21|CREDIT AGRICOLE PRO|21-8663|20201020|51210000|CREDIT MUTUEL||VENTES|547|20201020|PRODUITS ANIMAUX|217,46|0|||20201020|||20201020|BANQUE|
21|CREDIT AGRICOLE PRO|21-8664|20201020|70200000|VENTES PRODUITS ANIM||VENTES|548|20201020|PRODUITS ANIMAUX|0|85,97|||20201020|||20201020|BANQUE|
21|CREDIT AGRICOLE PRO|21-8664|20201020|44571000|TVA COLLECTEE ENCAIS||VENTES|548|20201020|PRODUITS ANIMAUX|0|4,73|||20201020|||20201020|BANQUE|
21|CREDIT AGRICOLE PRO|21-8664|20201020|51210000|CREDIT MUTUEL||VENTES|548|20201020|PRODUITS ANIMAUX|90,7|0|||20201020|||20201020|BANQUE|
21|CREDIT AGRICOLE PRO|21-8665|20201020|70200000|VENTES PRODUITS ANIM||VENTES|549|20201020|PRODUITS ANIMAUX|0|141,64|||20201020|||20201020|BANQUE|
21|CREDIT AGRICOLE PRO|21-8665|20201020|44571000|TVA COLLECTEE ENCAIS||VENTES|549|20201020|PRODUITS ANIMAUX|0|7,79|||20201020|||20201020|BANQUE|
21|CREDIT AGRICOLE PRO|21-8665|20201020|51210000|CREDIT MUTUEL||VENTES|549|20201020|PRODUITS ANIMAUX|149,43|0|||20201020|||20201020|BANQUE|
21|CREDIT AGRICOLE PRO|21-8666|20201020|70200000|VENTES PRODUITS ANIM||VENTES|550|20201020|PRODUITS ANIMAUX|0|96,64|||20201020|||20201020|BANQUE|
21|CREDIT AGRICOLE PRO|21-8666|20201020|44571000|TVA COLLECTEE ENCAIS||VENTES|550|20201020|PRODUITS ANIMAUX|0|5,32|||20201020|||20201020|BANQUE|
21|CREDIT AGRICOLE PRO|21-8666|20201020|51210000|CREDIT MUTUEL||VENTES|550|20201020|PRODUITS ANIMAUX|101,96|0|||20201020|||20201020|BANQUE|
21|CREDIT AGRICOLE PRO|21-8667|20201020|70200000|VENTES PRODUITS ANIM||VENTES|551|20201020|PRODUITS ANIMAUX|0|255,92|||20201020|||20201020|BANQUE|
21|CREDIT AGRICOLE PRO|21-8667|20201020|44571000|TVA COLLECTEE ENCAIS||VENTES|551|20201020|PRODUITS ANIMAUX|0|14,08|||20201020|||20201020|BANQUE|
21|CREDIT AGRICOLE PRO|21-8667|20201020|51210000|CREDIT MUTUEL||VENTES|551|20201020|PRODUITS ANIMAUX|270|0|||20201020|||20201020|BANQUE|
21|CREDIT AGRICOLE PRO|21-8668|20201021|62370000|PUBLICAT,TARIFS, MAI||LE GOUT DE NOTRE FER|552|20201021|PUBLICAT,TARIFS, MAILING|77,21|0|||20201021|||20201021|BANQUE|
21|CREDIT AGRICOLE PRO|21-8668|20201021|51210000|CREDIT MUTUEL||LE GOUT DE NOTRE FER|552|20201021|PUBLICAT,TARIFS, MAILING|0|77,21|||20201021|||20201021|BANQUE|
21|CREDIT AGRICOLE PRO|21-8669|20201021|60140000|ALIMENTS DU BETAIL||SUD-OUEST ALIMENT|553|20201021|aliment|387,15|0|||20201021|||20201021|BANQUE|
21|CREDIT AGRICOLE PRO|21-8669|20201021|44566000|TVA SUR AUT BIENS SE||SUD-OUEST ALIMENT|553|20201021|aliment|38,72|0|||20201021|||20201021|BANQUE|
21|CREDIT AGRICOLE PRO|21-8669|20201021|51210000|CREDIT MUTUEL||SUD-OUEST ALIMENT|553|20201021|aliment|0|425,87|||20201021|||20201021|BANQUE|
21|CREDIT AGRICOLE PRO|21-8670|20201021|47000000|COMPTES D  ATTENTE||BANQUE|554|20201021|effets dom|124,49|0|A||20201021|||20201021|BANQUE|
21|CREDIT AGRICOLE PRO|21-8670|20201021|51210000|CREDIT MUTUEL||BANQUE|554|20201021|effets dom|0|124,49|||20201021|||20201021|BANQUE|
21|CREDIT AGRICOLE PRO|21-8671|20201022|47000000|COMPTES D  ATTENTE||BANQUE|555|20201022|rejet effets dom|0|124,49|A||20201022|||20201022|BANQUE|
21|CREDIT AGRICOLE PRO|21-8671|20201022|51210000|CREDIT MUTUEL||BANQUE|555|20201022|rejet effets dom|124,49|0|||20201022|||20201022|BANQUE|
22|PRIVE|22-8027|20201022|60530000|TRAV/PRODUITS TRANSF||ABATTOIR|PR5|20201022|abattage|30|0|||20201022|||20201022|BANQUE|
22|PRIVE|22-8027|20201022|60530000|TRAV/PRODUITS TRANSF||ABATTOIR|PR5|20201022|abattage|0,5|0|||20201022|||20201022|BANQUE|
22|PRIVE|22-8027|20201022|44566000|TVA SUR AUT BIENS SE||ABATTOIR|PR5|20201022|abattage|1,65|0|||20201022|||20201022|BANQUE|
22|PRIVE|22-8027|20201022|44566000|TVA SUR AUT BIENS SE||ABATTOIR|PR5|20201022|abattage|0,1|0|||20201022|||20201022|BANQUE|
22|PRIVE|22-8027|20201022|10800000|COMPTE DE L EXPLOITA||ABATTOIR|PR5|20201022|abattage|0|32,25|||20201022|||20201022|BANQUE|
96|DETTES FIN EXER 401|96-8810|20201022|60530000|TRAV/PRODUITS TRANSF||DETTES FIN EXER 401|D9|20201022|service paie|61,5|0|||20201022|||20201022||
96|DETTES FIN EXER 401|96-8810|20201022|44566000|TVA SUR AUT BIENS SE||DETTES FIN EXER 401|D9|20201022|service paie|12,3|0|||20201022|||20201022||
96|DETTES FIN EXER 401|96-8810|20201022|40199999|FOURNISSEURS EXPLOIT||DETTES FIN EXER 401|D9|20201022|service paie|0|73,8|||20201022|||20201022||
21|CREDIT AGRICOLE PRO|21-8672|20201023|70200000|VENTES PRODUITS ANIM||VENTES|556|20201023|PRODUITS ANIMAUX|0|48,94|||20201023|||20201023|BANQUE|
21|CREDIT AGRICOLE PRO|21-8672|20201023|44571000|TVA COLLECTEE ENCAIS||VENTES|556|20201023|PRODUITS ANIMAUX|0|2,7|||20201023|||20201023|BANQUE|
21|CREDIT AGRICOLE PRO|21-8672|20201023|51210000|CREDIT MUTUEL||VENTES|556|20201023|PRODUITS ANIMAUX|51,64|0|||20201023|||20201023|BANQUE|
21|CREDIT AGRICOLE PRO|21-8673|20201023|47000000|COMPTES D  ATTENTE||LIXXBAIL|557|20201023|CREDIT-BAIL MOBILIER|607,64|0|E||20201023|||20201023|BANQUE|
21|CREDIT AGRICOLE PRO|21-8673|20201023|51210000|CREDIT MUTUEL||LIXXBAIL|557|20201023|CREDIT-BAIL MOBILIER|0|607,64|||20201023|||20201023|BANQUE|
21|CREDIT AGRICOLE PRO|21-8674|20201026|47000000|COMPTES D  ATTENTE||SITEL|558|20201026|rejet|0|842,76|F||20201026|||20201026|BANQUE|
21|CREDIT AGRICOLE PRO|21-8674|20201026|51210000|CREDIT MUTUEL||SITEL|558|20201026|rejet|842,76|0|||20201026|||20201026|BANQUE|
21|CREDIT AGRICOLE PRO|21-8675|20201026|47000000|COMPTES D  ATTENTE||LIXXBAIL|559|20201026|rejet|0|607,64|E||20201026|||20201026|BANQUE|
21|CREDIT AGRICOLE PRO|21-8675|20201026|51210000|CREDIT MUTUEL||LIXXBAIL|559|20201026|rejet|607,64|0|||20201026|||20201026|BANQUE|
21|CREDIT AGRICOLE PRO|21-8676|20201026|60640000|CARBURANTS A LA POMP||NORAUTO|560|20201026|ADBlue|9,96|0|||20201026|||20201026|BANQUE|
21|CREDIT AGRICOLE PRO|21-8676|20201026|44566000|TVA SUR AUT BIENS SE||NORAUTO|560|20201026|ADBlue|1,99|0|||20201026|||20201026|BANQUE|
21|CREDIT AGRICOLE PRO|21-8676|20201026|51210000|CREDIT MUTUEL||NORAUTO|560|20201026|ADBlue|0|11,95|||20201026|||20201026|BANQUE|
21|CREDIT AGRICOLE PRO|21-8677|20201027|60140000|ALIMENTS DU BETAIL||SUD-OUEST ALIMENT|561|20201027|aliment|335,48|0|||20201027|||20201027|BANQUE|
21|CREDIT AGRICOLE PRO|21-8677|20201027|44566000|TVA SUR AUT BIENS SE||SUD-OUEST ALIMENT|561|20201027|aliment|33,55|0|||20201027|||20201027|BANQUE|
21|CREDIT AGRICOLE PRO|21-8677|20201027|51210000|CREDIT MUTUEL||SUD-OUEST ALIMENT|561|20201027|aliment|0|369,03|||20201027|||20201027|BANQUE|
21|CREDIT AGRICOLE PRO|21-8678|20201028|70200000|VENTES PRODUITS ANIM||VENTES|562|20201028|PRODUITS ANIMAUX|0|43,5|||20201028|||20201028|BANQUE|
21|CREDIT AGRICOLE PRO|21-8678|20201028|44571000|TVA COLLECTEE ENCAIS||VENTES|562|20201028|PRODUITS ANIMAUX|0|2,4|||20201028|||20201028|BANQUE|
21|CREDIT AGRICOLE PRO|21-8678|20201028|51210000|CREDIT MUTUEL||VENTES|562|20201028|PRODUITS ANIMAUX|45,9|0|||20201028|||20201028|BANQUE|
21|CREDIT AGRICOLE PRO|21-8679|20201028|60640000|CARBURANTS A LA POMP||INTERMARCHÉ|563|20201028|CARBURANTS A LA POMPE|64,43|0|||20201028|||20201028|BANQUE|
21|CREDIT AGRICOLE PRO|21-8679|20201028|44566000|TVA SUR AUT BIENS SE||INTERMARCHÉ|563|20201028|CARBURANTS A LA POMPE|12,89|0|||20201028|||20201028|BANQUE|
21|CREDIT AGRICOLE PRO|21-8679|20201028|51210000|CREDIT MUTUEL||INTERMARCHÉ|563|20201028|CARBURANTS A LA POMPE|0|77,32|||20201028|||20201028|BANQUE|
21|CREDIT AGRICOLE PRO|21-8680|20201028|47000000|COMPTES D  ATTENTE||PREDICA|564|20201028|ASSUR. AUTRES. (ADI)|35,44|0|G||20201028|||20201028|BANQUE|
21|CREDIT AGRICOLE PRO|21-8680|20201028|51210000|CREDIT MUTUEL||PREDICA|564|20201028|ASSUR. AUTRES. (ADI)|0|35,44|||20201028|||20201028|BANQUE|
21|CREDIT AGRICOLE PRO|21-8681|20201029|70200000|VENTES PRODUITS ANIM||VENTES|565|20201029|PRODUITS ANIMAUX|0|132,7|||20201029|||20201029|BANQUE|
21|CREDIT AGRICOLE PRO|21-8681|20201029|44571000|TVA COLLECTEE ENCAIS||VENTES|565|20201029|PRODUITS ANIMAUX|0|7,3|||20201029|||20201029|BANQUE|
21|CREDIT AGRICOLE PRO|21-8681|20201029|51210000|CREDIT MUTUEL||VENTES|565|20201029|PRODUITS ANIMAUX|140|0|||20201029|||20201029|BANQUE|
21|CREDIT AGRICOLE PRO|21-8682|20201029|47000000|COMPTES D  ATTENTE||PREDICA|566|20201029|rejet|0|35,44|G||20201029|||20201029|BANQUE|
21|CREDIT AGRICOLE PRO|21-8682|20201029|51210000|CREDIT MUTUEL||PREDICA|566|20201029|rejet|35,44|0|||20201029|||20201029|BANQUE|
21|CREDIT AGRICOLE PRO|21-8683|20201030|60140000|ALIMENTS DU BETAIL||POINT VERT|567|20201030|aliment|18,16|0|||20201030|||20201030|BANQUE|
21|CREDIT AGRICOLE PRO|21-8683|20201030|44566000|TVA SUR AUT BIENS SE||POINT VERT|567|20201030|aliment|1,82|0|||20201030|||20201030|BANQUE|
21|CREDIT AGRICOLE PRO|21-8683|20201030|51210000|CREDIT MUTUEL||POINT VERT|567|20201030|aliment|0|19,98|||20201030|||20201030|BANQUE|
21|CREDIT AGRICOLE PRO|21-8684|20201030|60140000|ALIMENTS DU BETAIL||SUD-OUEST ALIMENT|568|20201030|aliment|16,63|0|||20201030|||20201030|BANQUE|
21|CREDIT AGRICOLE PRO|21-8684|20201030|60140000|ALIMENTS DU BETAIL||SUD-OUEST ALIMENT|568|20201030|aliment|405,47|0|||20201030|||20201030|BANQUE|
21|CREDIT AGRICOLE PRO|21-8684|20201030|44566000|TVA SUR AUT BIENS SE||SUD-OUEST ALIMENT|568|20201030|aliment|3,33|0|||20201030|||20201030|BANQUE|
21|CREDIT AGRICOLE PRO|21-8684|20201030|44566000|TVA SUR AUT BIENS SE||SUD-OUEST ALIMENT|568|20201030|aliment|40,55|0|||20201030|||20201030|BANQUE|
21|CREDIT AGRICOLE PRO|21-8684|20201030|51210000|CREDIT MUTUEL||SUD-OUEST ALIMENT|568|20201030|aliment|0|465,98|||20201030|||20201030|BANQUE|
22|PRIVE|22-8028|20201030|60530000|TRAV/PRODUITS TRANSF||ABATTOIR|PR6|20201030|abattage|22,5|0|||20201030|||20201030|BANQUE|
22|PRIVE|22-8028|20201030|60530000|TRAV/PRODUITS TRANSF||ABATTOIR|PR6|20201030|abattage|0,5|0|||20201030|||20201030|BANQUE|
22|PRIVE|22-8028|20201030|44566000|TVA SUR AUT BIENS SE||ABATTOIR|PR6|20201030|abattage|1,24|0|||20201030|||20201030|BANQUE|
22|PRIVE|22-8028|20201030|44566000|TVA SUR AUT BIENS SE||ABATTOIR|PR6|20201030|abattage|0,1|0|||20201030|||20201030|BANQUE|
22|PRIVE|22-8028|20201030|10800000|COMPTE DE L EXPLOITA||ABATTOIR|PR6|20201030|abattage|0|24,34|||20201030|||20201030|BANQUE|
96|DETTES FIN EXER 401|96-8811|20201031|60530000|TRAV/PRODUITS TRANSF||DETTES FIN EXER 401|D10|20201031|abattage|221,8|0|||20201031|||20201031||
96|DETTES FIN EXER 401|96-8811|20201031|60530000|TRAV/PRODUITS TRANSF||DETTES FIN EXER 401|D10|20201031|abattage|3,63|0|||20201031|||20201031||
96|DETTES FIN EXER 401|96-8811|20201031|44566000|TVA SUR AUT BIENS SE||DETTES FIN EXER 401|D10|20201031|abattage|12,2|0|||20201031|||20201031||
96|DETTES FIN EXER 401|96-8811|20201031|44566000|TVA SUR AUT BIENS SE||DETTES FIN EXER 401|D10|20201031|abattage|0,72|0|||20201031|||20201031||
96|DETTES FIN EXER 401|96-8811|20201031|40199999|FOURNISSEURS EXPLOIT||DETTES FIN EXER 401|D10|20201031|abattage|0|238,35|||20201031|||20201031||
22|PRIVE|22-8029|20201101|64114000|SALAIRE APPRENTI||ERWAN COHIGNAC|PR7|20201101|SALAIRE APPRENTI|495,79|0|||20201101|||20201101|BANQUE|
22|PRIVE|22-8029|20201101|10800000|COMPTE DE L EXPLOITA||ERWAN COHIGNAC|PR7|20201101|SALAIRE APPRENTI|0|495,79|||20201101|||20201101|BANQUE|
21|CREDIT AGRICOLE PRO|21-8286|20201102|61680000|ASSUR. AUTRES. (ADI)||PACIFICA ASSU|569|20201102|ASSUR. AUTRES. (ADI)|53,37|0|||20201102|||20201102|BANQUE|
21|CREDIT AGRICOLE PRO|21-8286|20201102|51210000|CREDIT MUTUEL||PACIFICA ASSU|569|20201102|ASSUR. AUTRES. (ADI)|0|53,37|||20201102|||20201102|BANQUE|
21|CREDIT AGRICOLE PRO|21-8287|20201102|61680000|ASSUR. AUTRES. (ADI)||PACIFICA ASSU|570|20201102|ASSUR. AUTRES. (ADI)|88,12|0|||20201102|||20201102|BANQUE|
21|CREDIT AGRICOLE PRO|21-8287|20201102|51210000|CREDIT MUTUEL||PACIFICA ASSU|570|20201102|ASSUR. AUTRES. (ADI)|0|88,12|||20201102|||20201102|BANQUE|
21|CREDIT AGRICOLE PRO|21-8288|20201103|61680000|ASSUR. AUTRES. (ADI)||CREDIT AGRICOLE|571|20201103|assu pret pro|21,79|0|||20201103|||20201103|BANQUE|
21|CREDIT AGRICOLE PRO|21-8288|20201103|51210000|CREDIT MUTUEL||CREDIT AGRICOLE|571|20201103|assu pret pro|0|21,79|||20201103|||20201103|BANQUE|
21|CREDIT AGRICOLE PRO|21-8289|20201104|70200000|VENTES PRODUITS ANIM||VENTES|572|20201104|PRODUITS ANIMAUX|0|510,36|||20201104|||20201104|BANQUE|
21|CREDIT AGRICOLE PRO|21-8289|20201104|44571000|TVA COLLECTEE ENCAIS||VENTES|572|20201104|PRODUITS ANIMAUX|0|28,07|||20201104|||20201104|BANQUE|
21|CREDIT AGRICOLE PRO|21-8289|20201104|51210000|CREDIT MUTUEL||VENTES|572|20201104|PRODUITS ANIMAUX|538,43|0|||20201104|||20201104|BANQUE|
21|CREDIT AGRICOLE PRO|21-8290|20201104|70200000|VENTES PRODUITS ANIM||VENTES|573|20201104|PRODUITS ANIMAUX|0|39,15|||20201104|||20201104|BANQUE|
21|CREDIT AGRICOLE PRO|21-8290|20201104|44571000|TVA COLLECTEE ENCAIS||VENTES|573|20201104|PRODUITS ANIMAUX|0|2,15|||20201104|||20201104|BANQUE|
21|CREDIT AGRICOLE PRO|21-8290|20201104|51210000|CREDIT MUTUEL||VENTES|573|20201104|PRODUITS ANIMAUX|41,3|0|||20201104|||20201104|BANQUE|
21|CREDIT AGRICOLE PRO|21-8291|20201104|60640000|CARBURANTS A LA POMP||INTERMARCHE|574|20201104|CARBURANTS A LA POMPE|60|0|||20201104|||20201104|BANQUE|
21|CREDIT AGRICOLE PRO|21-8291|20201104|44566000|TVA SUR AUT BIENS SE||INTERMARCHE|574|20201104|CARBURANTS A LA POMPE|12|0|||20201104|||20201104|BANQUE|
21|CREDIT AGRICOLE PRO|21-8291|20201104|51210000|CREDIT MUTUEL||INTERMARCHE|574|20201104|CARBURANTS A LA POMPE|0|72|||20201104|||20201104|BANQUE|
21|CREDIT AGRICOLE PRO|21-8292|20201104|60140000|ALIMENTS DU BETAIL||SUD-OUEST ALIMENT|575|20201104|aliment|354,15|0|||20201104|||20201104|BANQUE|
21|CREDIT AGRICOLE PRO|21-8292|20201104|44566000|TVA SUR AUT BIENS SE||SUD-OUEST ALIMENT|575|20201104|aliment|35,41|0|||20201104|||20201104|BANQUE|
21|CREDIT AGRICOLE PRO|21-8292|20201104|51210000|CREDIT MUTUEL||SUD-OUEST ALIMENT|575|20201104|aliment|0|389,56|||20201104|||20201104|BANQUE|
21|CREDIT AGRICOLE PRO|21-8293|20201105|70200000|VENTES PRODUITS ANIM||VENTE|576|20201105|PRODUITS ANIMAUX|0|175,24|||20201105|||20201105|BANQUE|
21|CREDIT AGRICOLE PRO|21-8293|20201105|44571000|TVA COLLECTEE ENCAIS||VENTE|576|20201105|PRODUITS ANIMAUX|0|9,64|||20201105|||20201105|BANQUE|
21|CREDIT AGRICOLE PRO|21-8293|20201105|51210000|CREDIT MUTUEL||VENTE|576|20201105|PRODUITS ANIMAUX|184,88|0|||20201105|||20201105|BANQUE|
21|CREDIT AGRICOLE PRO|21-8294|20201105|61220000|CREDIT-BAIL MOBILIER||LIXXBAIL|577|20201105|octobre 2020|507,64|0|||20201105|||20201105|BANQUE|
21|CREDIT AGRICOLE PRO|21-8294|20201105|51210000|CREDIT MUTUEL||LIXXBAIL|577|20201105|octobre 2020|0|507,64|||20201105|||20201105|BANQUE|
22|PRIVE|22-8030|20201105|60530000|TRAV/PRODUITS TRANSF||ABATTOIR|PR8|20201105|abattage|120|0|||20201105|||20201105|BANQUE|
22|PRIVE|22-8030|20201105|60530000|TRAV/PRODUITS TRANSF||ABATTOIR|PR8|20201105|abattage|38,86|0|||20201105|||20201105|BANQUE|
22|PRIVE|22-8030|20201105|44566000|TVA SUR AUT BIENS SE||ABATTOIR|PR8|20201105|abattage|6,6|0|||20201105|||20201105|BANQUE|
22|PRIVE|22-8030|20201105|44566000|TVA SUR AUT BIENS SE||ABATTOIR|PR8|20201105|abattage|7,77|0|||20201105|||20201105|BANQUE|
22|PRIVE|22-8030|20201105|10800000|COMPTE DE L EXPLOITA||ABATTOIR|PR8|20201105|abattage|0|173,23|||20201105|||20201105|BANQUE|
21|CREDIT AGRICOLE PRO|21-8295|20201106|70200000|VENTES PRODUITS ANIM||VENTES|578|20201106|PRODUITS ANIMAUX|0|28,43|||20201106|||20201106|BANQUE|
21|CREDIT AGRICOLE PRO|21-8295|20201106|44571000|TVA COLLECTEE ENCAIS||VENTES|578|20201106|PRODUITS ANIMAUX|0|1,57|||20201106|||20201106|BANQUE|
21|CREDIT AGRICOLE PRO|21-8295|20201106|51210000|CREDIT MUTUEL||VENTES|578|20201106|PRODUITS ANIMAUX|30|0|||20201106|||20201106|BANQUE|
22|PRIVE|22-8031|20201109|60140000|ALIMENTS DU BETAIL||SUD-OUEST ALIMENT|PR9|20201109|aliment|339,5|0|||20201109|||20201109|BANQUE|
22|PRIVE|22-8031|20201109|44566000|TVA SUR AUT BIENS SE||SUD-OUEST ALIMENT|PR9|20201109|aliment|33,95|0|||20201109|||20201109|BANQUE|
22|PRIVE|22-8031|20201109|10800000|COMPTE DE L EXPLOITA||SUD-OUEST ALIMENT|PR9|20201109|aliment|0|373,45|||20201109|||20201109|BANQUE|
21|CREDIT AGRICOLE PRO|21-8296|20201110|70200000|VENTES PRODUITS ANIM||VENTES|579|20201110|PRODUITS ANIMAUX|0|190,8|||20201110|||20201110|BANQUE|
21|CREDIT AGRICOLE PRO|21-8296|20201110|44571000|TVA COLLECTEE ENCAIS||VENTES|579|20201110|PRODUITS ANIMAUX|0|10,5|||20201110|||20201110|BANQUE|
21|CREDIT AGRICOLE PRO|21-8296|20201110|51210000|CREDIT MUTUEL||VENTES|579|20201110|PRODUITS ANIMAUX|201,3|0|||20201110|||20201110|BANQUE|
21|CREDIT AGRICOLE PRO|21-8297|20201110|70200000|VENTES PRODUITS ANIM||VENTES|580|20201110|PRODUITS ANIMAUX|0|112,94|||20201110|||20201110|BANQUE|
21|CREDIT AGRICOLE PRO|21-8297|20201110|44571000|TVA COLLECTEE ENCAIS||VENTES|580|20201110|PRODUITS ANIMAUX|0|6,22|||20201110|||20201110|BANQUE|
21|CREDIT AGRICOLE PRO|21-8297|20201110|51210000|CREDIT MUTUEL||VENTES|580|20201110|PRODUITS ANIMAUX|119,16|0|||20201110|||20201110|BANQUE|
21|CREDIT AGRICOLE PRO|21-8298|20201110|70200000|VENTES PRODUITS ANIM||VENTES|581|20201110|PRODUITS ANIMAUX|0|80,1|||20201110|||20201110|BANQUE|
21|CREDIT AGRICOLE PRO|21-8298|20201110|44571000|TVA COLLECTEE ENCAIS||VENTES|581|20201110|PRODUITS ANIMAUX|0|4,41|||20201110|||20201110|BANQUE|
21|CREDIT AGRICOLE PRO|21-8298|20201110|51210000|CREDIT MUTUEL||VENTES|581|20201110|PRODUITS ANIMAUX|84,51|0|||20201110|||20201110|BANQUE|
21|CREDIT AGRICOLE PRO|21-8299|20201110|70200000|VENTES PRODUITS ANIM||VENTES|582|20201110|PRODUITS ANIMAUX|0|198,46|||20201110|||20201110|BANQUE|
21|CREDIT AGRICOLE PRO|21-8299|20201110|44571000|TVA COLLECTEE ENCAIS||VENTES|582|20201110|PRODUITS ANIMAUX|0|10,92|||20201110|||20201110|BANQUE|
21|CREDIT AGRICOLE PRO|21-8299|20201110|51210000|CREDIT MUTUEL||VENTES|582|20201110|PRODUITS ANIMAUX|209,38|0|||20201110|||20201110|BANQUE|
21|CREDIT AGRICOLE PRO|21-8300|20201110|70200000|VENTES PRODUITS ANIM||VENTES|583|20201110|PRODUITS ANIMAUX|0|111,98|||20201110|||20201110|BANQUE|
21|CREDIT AGRICOLE PRO|21-8300|20201110|44571000|TVA COLLECTEE ENCAIS||VENTES|583|20201110|PRODUITS ANIMAUX|0|6,16|||20201110|||20201110|BANQUE|
21|CREDIT AGRICOLE PRO|21-8300|20201110|51210000|CREDIT MUTUEL||VENTES|583|20201110|PRODUITS ANIMAUX|118,14|0|||20201110|||20201110|BANQUE|
21|CREDIT AGRICOLE PRO|21-8301|20201110|70200000|VENTES PRODUITS ANIM||VENTES|584|20201110|PRODUITS ANIMAUX|0|146,78|||20201110|||20201110|BANQUE|
21|CREDIT AGRICOLE PRO|21-8301|20201110|44571000|TVA COLLECTEE ENCAIS||VENTES|584|20201110|PRODUITS ANIMAUX|0|8,06|||20201110|||20201110|BANQUE|
21|CREDIT AGRICOLE PRO|21-8301|20201110|51210000|CREDIT MUTUEL||VENTES|584|20201110|PRODUITS ANIMAUX|154,84|0|||20201110|||20201110|BANQUE|
21|CREDIT AGRICOLE PRO|21-8302|20201110|70200000|VENTES PRODUITS ANIM||VENTES|585|20201110|PRODUITS ANIMAUX|0|170,75|||20201110|||20201110|BANQUE|
21|CREDIT AGRICOLE PRO|21-8302|20201110|44571000|TVA COLLECTEE ENCAIS||VENTES|585|20201110|PRODUITS ANIMAUX|0|9,39|||20201110|||20201110|BANQUE|
21|CREDIT AGRICOLE PRO|21-8302|20201110|51210000|CREDIT MUTUEL||VENTES|585|20201110|PRODUITS ANIMAUX|180,14|0|||20201110|||20201110|BANQUE|
21|CREDIT AGRICOLE PRO|21-8303|20201113|23100000|IMM CORP EN COURS HB||SITEL|586|20201113|cloture parcours|1404,6|0|||20201113|||20201113|BANQUE|
21|CREDIT AGRICOLE PRO|21-8303|20201113|40910000|FOURNISSEURS AVANCES||SITEL|586|20201113|cloture parcours|0|280|*B||20201113|||20201113|BANQUE|
21|CREDIT AGRICOLE PRO|21-8303|20201113|40910000|FOURNISSEURS AVANCES||SITEL|586|20201113|cloture parcours|0|562,76|*C||20201113|||20201113|BANQUE|
21|CREDIT AGRICOLE PRO|21-8303|20201113|44562000|TVA SUR IMMOBILISATI||SITEL|586|20201113|cloture parcours|280,92|0|||20201113|||20201113|BANQUE|
21|CREDIT AGRICOLE PRO|21-8303|20201113|51210000|CREDIT MUTUEL||SITEL|586|20201113|cloture parcours|0|842,76|||20201113|||20201113|BANQUE|
22|PRIVE|22-8032|20201113|60530000|TRAV/PRODUITS TRANSF||ABATTOIR|PR10|20201113|abattage|18|0|||20201113|||20201113|BANQUE|
22|PRIVE|22-8032|20201113|60530000|TRAV/PRODUITS TRANSF||ABATTOIR|PR10|20201113|abattage|1,6|0|||20201113|||20201113|BANQUE|
22|PRIVE|22-8032|20201113|44566000|TVA SUR AUT BIENS SE||ABATTOIR|PR10|20201113|abattage|0,99|0|||20201113|||20201113|BANQUE|
22|PRIVE|22-8032|20201113|44566000|TVA SUR AUT BIENS SE||ABATTOIR|PR10|20201113|abattage|0,32|0|||20201113|||20201113|BANQUE|
22|PRIVE|22-8032|20201113|10800000|COMPTE DE L EXPLOITA||ABATTOIR|PR10|20201113|abattage|0|20,91|||20201113|||20201113|BANQUE|
21|CREDIT AGRICOLE PRO|21-8304|20201116|10800000|COMPTE DE L EXPLOITA||MOI|587|20201116|COMPTE DE L EXPLOITANT|79|0|||20201116|||20201116|BANQUE|
21|CREDIT AGRICOLE PRO|21-8304|20201116|51210000|CREDIT MUTUEL||MOI|587|20201116|COMPTE DE L EXPLOITANT|0|79|||20201116|||20201116|BANQUE|
21|CREDIT AGRICOLE PRO|21-8305|20201116|60140000|ALIMENTS DU BETAIL||SUD-OUEST ALIMENT|588|20201116|aliment|89,38|0|||20201116|||20201116|BANQUE|
21|CREDIT AGRICOLE PRO|21-8305|20201116|44566000|TVA SUR AUT BIENS SE||SUD-OUEST ALIMENT|588|20201116|aliment|8,94|0|||20201116|||20201116|BANQUE|
21|CREDIT AGRICOLE PRO|21-8305|20201116|51210000|CREDIT MUTUEL||SUD-OUEST ALIMENT|588|20201116|aliment|0|98,32|||20201116|||20201116|BANQUE|
21|CREDIT AGRICOLE PRO|21-8306|20201116|61680000|ASSUR. AUTRES. (ADI)||PACIFICA ASSU|589|20201116|ASSUR. AUTRES. (ADI)|27,5|0|||20201116|||20201116|BANQUE|
21|CREDIT AGRICOLE PRO|21-8306|20201116|51210000|CREDIT MUTUEL||PACIFICA ASSU|589|20201116|ASSUR. AUTRES. (ADI)|0|27,5|||20201116|||20201116|BANQUE|
21|CREDIT AGRICOLE PRO|21-8307|20201116|61220000|CREDIT-BAIL MOBILIER||PACIFICA ASSU|590|20201116|CREDIT-BAIL MOBILIER|48|0|||20201116|||20201116|BANQUE|
21|CREDIT AGRICOLE PRO|21-8307|20201116|51210000|CREDIT MUTUEL||PACIFICA ASSU|590|20201116|CREDIT-BAIL MOBILIER|0|48|||20201116|||20201116|BANQUE|
21|CREDIT AGRICOLE PRO|21-8308|20201117|66181000|INTS./DECOUVERT||BANQUE|591|20201117|frais impayés|20|0|||20201117|||20201117|BANQUE|
21|CREDIT AGRICOLE PRO|21-8308|20201117|51210000|CREDIT MUTUEL||BANQUE|591|20201117|frais impayés|0|20|||20201117|||20201117|BANQUE|
21|CREDIT AGRICOLE PRO|21-8309|20201117|66181000|INTS./DECOUVERT||BANQUE|592|20201117|frais impayés|20|0|||20201117|||20201117|BANQUE|
21|CREDIT AGRICOLE PRO|21-8309|20201117|51210000|CREDIT MUTUEL||BANQUE|592|20201117|frais impayés|0|20|||20201117|||20201117|BANQUE|
21|CREDIT AGRICOLE PRO|21-8310|20201117|66181000|INTS./DECOUVERT||BANQUE|593|20201117|frais impayés|20|0|||20201117|||20201117|BANQUE|
21|CREDIT AGRICOLE PRO|21-8310|20201117|51210000|CREDIT MUTUEL||BANQUE|593|20201117|frais impayés|0|20|||20201117|||20201117|BANQUE|
21|CREDIT AGRICOLE PRO|21-8311|20201117|62220000|COMMISSIONS SUR VENT||SOCLEO|594|20201117|PUBLICAT,TARIFS, MAILING|60|0|||20201117|||20201117|BANQUE|
21|CREDIT AGRICOLE PRO|21-8311|20201117|44566000|TVA SUR AUT BIENS SE||SOCLEO|594|20201117|PUBLICAT,TARIFS, MAILING|12|0|||20201117|||20201117|BANQUE|
21|CREDIT AGRICOLE PRO|21-8311|20201117|51210000|CREDIT MUTUEL||SOCLEO|594|20201117|PUBLICAT,TARIFS, MAILING|0|72|||20201117|||20201117|BANQUE|
21|CREDIT AGRICOLE PRO|21-8312|20201117|61220000|CREDIT-BAIL MOBILIER||LIXXBAIL|595|20201117|CREDIT-BAIL MOBILIER|180|0|||20201117|||20201117|BANQUE|
21|CREDIT AGRICOLE PRO|21-8312|20201117|51210000|CREDIT MUTUEL||LIXXBAIL|595|20201117|CREDIT-BAIL MOBILIER|0|180|||20201117|||20201117|BANQUE|
21|CREDIT AGRICOLE PRO|21-8313|20201118|44583000|TVA REMBOURST DEMAND||IMPOTS|596|20201118|tva recue|0|844|||20201118|||20201118|BANQUE|
21|CREDIT AGRICOLE PRO|21-8313|20201118|51210000|CREDIT MUTUEL||IMPOTS|596|20201118|tva recue|844|0|||20201118|||20201118|BANQUE|
21|CREDIT AGRICOLE PRO|21-8314|20201118|60140000|ALIMENTS DU BETAIL||SUD-OUEST ALIMENT|597|20201118|aliment|299,82|0|||20201118|||20201118|BANQUE|
21|CREDIT AGRICOLE PRO|21-8314|20201118|44566000|TVA SUR AUT BIENS SE||SUD-OUEST ALIMENT|597|20201118|aliment|29,98|0|||20201118|||20201118|BANQUE|
21|CREDIT AGRICOLE PRO|21-8314|20201118|51210000|CREDIT MUTUEL||SUD-OUEST ALIMENT|597|20201118|aliment|0|329,8|||20201118|||20201118|BANQUE|
22|PRIVE|22-8033|20201119|60530000|TRAV/PRODUITS TRANSF||ABATTOIR|PR11|20201119|abattage|115,5|0|||20201119|||20201119|BANQUE|
22|PRIVE|22-8033|20201119|60530000|TRAV/PRODUITS TRANSF||ABATTOIR|PR11|20201119|abattage|67,79|0|||20201119|||20201119|BANQUE|
22|PRIVE|22-8033|20201119|44566000|TVA SUR AUT BIENS SE||ABATTOIR|PR11|20201119|abattage|6,35|0|||20201119|||20201119|BANQUE|
22|PRIVE|22-8033|20201119|44566000|TVA SUR AUT BIENS SE||ABATTOIR|PR11|20201119|abattage|13,56|0|||20201119|||20201119|BANQUE|
22|PRIVE|22-8033|20201119|10800000|COMPTE DE L EXPLOITA||ABATTOIR|PR11|20201119|abattage|0|203,2|||20201119|||20201119|BANQUE|
21|CREDIT AGRICOLE PRO|21-8315|20201120|60640000|CARBURANTS A LA POMP||INTERMARCHÉ|598|20201120|CARBURANTS A LA POMPE|66,67|0|||20201120|||20201120|BANQUE|
21|CREDIT AGRICOLE PRO|21-8315|20201120|44566000|TVA SUR AUT BIENS SE||INTERMARCHÉ|598|20201120|CARBURANTS A LA POMPE|13,33|0|||20201120|||20201120|BANQUE|
21|CREDIT AGRICOLE PRO|21-8315|20201120|51210000|CREDIT MUTUEL||INTERMARCHÉ|598|20201120|CARBURANTS A LA POMPE|0|80|||20201120|||20201120|BANQUE|
21|CREDIT AGRICOLE PRO|21-8316|20201120|10800000|COMPTE DE L EXPLOITA||MOI|599|20201120|retrait|150|0|||20201120|||20201120|BANQUE|
21|CREDIT AGRICOLE PRO|21-8316|20201120|51210000|CREDIT MUTUEL||MOI|599|20201120|retrait|0|150|||20201120|||20201120|BANQUE|
21|CREDIT AGRICOLE PRO|21-8317|20201121|74580000|AUTRES SUBVENTION EX||PACIFICA ASSU|600|20201121|promo assu véhicule|0|160,1|||20201121|||20201121|BANQUE|
21|CREDIT AGRICOLE PRO|21-8317|20201121|51210000|CREDIT MUTUEL||PACIFICA ASSU|600|20201121|promo assu véhicule|160,1|0|||20201121|||20201121|BANQUE|
21|CREDIT AGRICOLE PRO|21-8318|20201123|70200000|VENTES PRODUITS ANIM||VENTES|601|20201123|PRODUITS ANIMAUX|0|174,36|||20201123|||20201123|BANQUE|
21|CREDIT AGRICOLE PRO|21-8318|20201123|44571000|TVA COLLECTEE ENCAIS||VENTES|601|20201123|PRODUITS ANIMAUX|0|9,59|||20201123|||20201123|BANQUE|
21|CREDIT AGRICOLE PRO|21-8318|20201123|51210000|CREDIT MUTUEL||VENTES|601|20201123|PRODUITS ANIMAUX|183,95|0|||20201123|||20201123|BANQUE|
21|CREDIT AGRICOLE PRO|21-8319|20201123|60140000|ALIMENTS DU BETAIL||SUD-OUEST ALIMENT|602|20201123|pulve + traitement arbres|57,38|0|||20201123|||20201123|BANQUE|
21|CREDIT AGRICOLE PRO|21-8319|20201123|60140000|ALIMENTS DU BETAIL||SUD-OUEST ALIMENT|602|20201123|aliment|353|0|||20201123|||20201123|BANQUE|
21|CREDIT AGRICOLE PRO|21-8319|20201123|44566000|TVA SUR AUT BIENS SE||SUD-OUEST ALIMENT|602|20201123|pulve + traitement arbres|11,48|0|||20201123|||20201123|BANQUE|
21|CREDIT AGRICOLE PRO|21-8319|20201123|44566000|TVA SUR AUT BIENS SE||SUD-OUEST ALIMENT|602|20201123|aliment|35,3|0|||20201123|||20201123|BANQUE|
21|CREDIT AGRICOLE PRO|21-8319|20201123|51210000|CREDIT MUTUEL||SUD-OUEST ALIMENT|602|20201123|aliment|0|457,16|||20201123|||20201123|BANQUE|
21|CREDIT AGRICOLE PRO|21-8320|20201124|70200000|VENTES PRODUITS ANIM||VENTES|603|20201124|PRODUITS ANIMAUX|0|148,87|||20201124|||20201124|BANQUE|
21|CREDIT AGRICOLE PRO|21-8320|20201124|44571000|TVA COLLECTEE ENCAIS||VENTES|603|20201124|PRODUITS ANIMAUX|0|8,19|||20201124|||20201124|BANQUE|
21|CREDIT AGRICOLE PRO|21-8320|20201124|51210000|CREDIT MUTUEL||VENTES|603|20201124|PRODUITS ANIMAUX|157,06|0|||20201124|||20201124|BANQUE|
21|CREDIT AGRICOLE PRO|21-8321|20201124|70200000|VENTES PRODUITS ANIM||VENTES|604|20201124|PRODUITS ANIMAUX|0|164,18|||20201124|||20201124|BANQUE|
21|CREDIT AGRICOLE PRO|21-8321|20201124|44571000|TVA COLLECTEE ENCAIS||VENTES|604|20201124|PRODUITS ANIMAUX|0|9,03|||20201124|||20201124|BANQUE|
21|CREDIT AGRICOLE PRO|21-8321|20201124|51210000|CREDIT MUTUEL||VENTES|604|20201124|PRODUITS ANIMAUX|173,21|0|||20201124|||20201124|BANQUE|
21|CREDIT AGRICOLE PRO|21-8322|20201124|70200000|VENTES PRODUITS ANIM||VENTES|605|20201124|PRODUITS ANIMAUX|0|133,06|||20201124|||20201124|BANQUE|
21|CREDIT AGRICOLE PRO|21-8322|20201124|44571000|TVA COLLECTEE ENCAIS||VENTES|605|20201124|PRODUITS ANIMAUX|0|7,32|||20201124|||20201124|BANQUE|
21|CREDIT AGRICOLE PRO|21-8322|20201124|51210000|CREDIT MUTUEL||VENTES|605|20201124|PRODUITS ANIMAUX|140,38|0|||20201124|||20201124|BANQUE|
21|CREDIT AGRICOLE PRO|21-8323|20201124|70200000|VENTES PRODUITS ANIM||VENTES|606|20201124|PRODUITS ANIMAUX|0|149,25|||20201124|||20201124|BANQUE|
21|CREDIT AGRICOLE PRO|21-8323|20201124|44571000|TVA COLLECTEE ENCAIS||VENTES|606|20201124|PRODUITS ANIMAUX|0|8,21|||20201124|||20201124|BANQUE|
21|CREDIT AGRICOLE PRO|21-8323|20201124|51210000|CREDIT MUTUEL||VENTES|606|20201124|PRODUITS ANIMAUX|157,46|0|||20201124|||20201124|BANQUE|
21|CREDIT AGRICOLE PRO|21-8324|20201124|70200000|VENTES PRODUITS ANIM||VENTES|607|20201124|PRODUITS ANIMAUX|0|121,69|||20201124|||20201124|BANQUE|
21|CREDIT AGRICOLE PRO|21-8324|20201124|44571000|TVA COLLECTEE ENCAIS||VENTES|607|20201124|PRODUITS ANIMAUX|0|6,69|||20201124|||20201124|BANQUE|
21|CREDIT AGRICOLE PRO|21-8324|20201124|51210000|CREDIT MUTUEL||VENTES|607|20201124|PRODUITS ANIMAUX|128,38|0|||20201124|||20201124|BANQUE|
21|CREDIT AGRICOLE PRO|21-8325|20201124|70200000|VENTES PRODUITS ANIM||VENTES|608|20201124|PRODUITS ANIMAUX|0|137,34|||20201124|||20201124|BANQUE|
21|CREDIT AGRICOLE PRO|21-8325|20201124|44571000|TVA COLLECTEE ENCAIS||VENTES|608|20201124|PRODUITS ANIMAUX|0|7,56|||20201124|||20201124|BANQUE|
21|CREDIT AGRICOLE PRO|21-8325|20201124|51210000|CREDIT MUTUEL||VENTES|608|20201124|PRODUITS ANIMAUX|144,9|0|||20201124|||20201124|BANQUE|
21|CREDIT AGRICOLE PRO|21-8326|20201124|70200000|VENTES PRODUITS ANIM||VENTES|609|20201124|PRODUITS ANIMAUX|0|45,88|||20201124|||20201124|BANQUE|
21|CREDIT AGRICOLE PRO|21-8326|20201124|44571000|TVA COLLECTEE ENCAIS||VENTES|609|20201124|PRODUITS ANIMAUX|0|2,52|||20201124|||20201124|BANQUE|
21|CREDIT AGRICOLE PRO|21-8326|20201124|51210000|CREDIT MUTUEL||VENTES|609|20201124|PRODUITS ANIMAUX|48,4|0|||20201124|||20201124|BANQUE|
21|CREDIT AGRICOLE PRO|21-8327|20201124|70200000|VENTES PRODUITS ANIM||VENTES|610|20201124|PRODUITS ANIMAUX|0|189,57|||20201124|||20201124|BANQUE|
21|CREDIT AGRICOLE PRO|21-8327|20201124|44571000|TVA COLLECTEE ENCAIS||VENTES|610|20201124|PRODUITS ANIMAUX|0|10,43|||20201124|||20201124|BANQUE|
21|CREDIT AGRICOLE PRO|21-8327|20201124|51210000|CREDIT MUTUEL||VENTES|610|20201124|PRODUITS ANIMAUX|200|0|||20201124|||20201124|BANQUE|
21|CREDIT AGRICOLE PRO|21-8328|20201125|60640000|CARBURANTS A LA POMP||INTERMARCHÉ|611|20201125|CARBURANTS A LA POMPE|65,37|0|||20201125|||20201125|BANQUE|
21|CREDIT AGRICOLE PRO|21-8328|20201125|44566000|TVA SUR AUT BIENS SE||INTERMARCHÉ|611|20201125|CARBURANTS A LA POMPE|13,07|0|||20201125|||20201125|BANQUE|
21|CREDIT AGRICOLE PRO|21-8328|20201125|51210000|CREDIT MUTUEL||INTERMARCHÉ|611|20201125|CARBURANTS A LA POMPE|0|78,44|||20201125|||20201125|BANQUE|
22|PRIVE|22-8034|20201126|60530000|TRAV/PRODUITS TRANSF||ABATTOIR|PR12|20201126|abattage|18|0|||20201126|||20201126|BANQUE|
22|PRIVE|22-8034|20201126|44566000|TVA SUR AUT BIENS SE||ABATTOIR|PR12|20201126|abattage|0,99|0|||20201126|||20201126|BANQUE|
22|PRIVE|22-8034|20201126|10800000|COMPTE DE L EXPLOITA||ABATTOIR|PR12|20201126|abattage|0|18,99|||20201126|||20201126|BANQUE|
21|CREDIT AGRICOLE PRO|21-8329|20201127|64600000|COTIS.SOCIALES EXPLO||MSA|612|20201127|COTIS.SOCIALES EXPLOITANT|12,16|0|||20201127|||20201127|BANQUE|
21|CREDIT AGRICOLE PRO|21-8329|20201127|51210000|CREDIT MUTUEL||MSA|612|20201127|COTIS.SOCIALES EXPLOITANT|0|12,16|||20201127|||20201127|BANQUE|
21|CREDIT AGRICOLE PRO|21-8330|20201130|60640000|CARBURANTS A LA POMP||INTERMARCHÉ|613|20201130|CARBURANTS A LA POMPE|70,83|0|||20201130|||20201130|BANQUE|
21|CREDIT AGRICOLE PRO|21-8330|20201130|44566000|TVA SUR AUT BIENS SE||INTERMARCHÉ|613|20201130|CARBURANTS A LA POMPE|14,17|0|||20201130|||20201130|BANQUE|
21|CREDIT AGRICOLE PRO|21-8330|20201130|51210000|CREDIT MUTUEL||INTERMARCHÉ|613|20201130|CARBURANTS A LA POMPE|0|85|||20201130|||20201130|BANQUE|
21|CREDIT AGRICOLE PRO|21-8331|20201130|60140000|ALIMENTS DU BETAIL||SUD-OUEST ALIMENT|614|20201130|aliment|369,98|0|||20201130|||20201130|BANQUE|
21|CREDIT AGRICOLE PRO|21-8331|20201130|44566000|TVA SUR AUT BIENS SE||SUD-OUEST ALIMENT|614|20201130|aliment|37|0|||20201130|||20201130|BANQUE|
21|CREDIT AGRICOLE PRO|21-8331|20201130|51210000|CREDIT MUTUEL||SUD-OUEST ALIMENT|614|20201130|aliment|0|406,98|||20201130|||20201130|BANQUE|
21|CREDIT AGRICOLE PRO|21-8142|20201201|70200000|VENTES PRODUITS ANIM||VENTES|615|20201201|PRODUITS ANIMAUX|0|73,87|||20201201|||20201201|BANQUE|
21|CREDIT AGRICOLE PRO|21-8142|20201201|44571000|TVA COLLECTEE ENCAIS||VENTES|615|20201201|PRODUITS ANIMAUX|0|4,06|||20201201|||20201201|BANQUE|
21|CREDIT AGRICOLE PRO|21-8142|20201201|51210000|CREDIT MUTUEL||VENTES|615|20201201|PRODUITS ANIMAUX|77,93|0|||20201201|||20201201|BANQUE|
21|CREDIT AGRICOLE PRO|21-8143|20201201|61680000|ASSUR. AUTRES. (ADI)||PACIFICA ASSU|616|20201201|ASSUR. AUTRES. (ADI)|88,12|0|||20201201|||20201201|BANQUE|
21|CREDIT AGRICOLE PRO|21-8143|20201201|51210000|CREDIT MUTUEL||PACIFICA ASSU|616|20201201|ASSUR. AUTRES. (ADI)|0|88,12|||20201201|||20201201|BANQUE|
21|CREDIT AGRICOLE PRO|21-8144|20201201|61680000|ASSUR. AUTRES. (ADI)||PACIFICA ASSU|617|20201201|ASSUR. AUTRES. (ADI)|53,37|0|||20201201|||20201201|BANQUE|
21|CREDIT AGRICOLE PRO|21-8144|20201201|51210000|CREDIT MUTUEL||PACIFICA ASSU|617|20201201|ASSUR. AUTRES. (ADI)|0|53,37|||20201201|||20201201|BANQUE|
21|CREDIT AGRICOLE PRO|21-8145|20201202|60140000|ALIMENTS DU BETAIL||SUD-OUEST ALIMENT|618|20201202|aliment|353|0|||20201202|||20201202|BANQUE|
21|CREDIT AGRICOLE PRO|21-8145|20201202|44566000|TVA SUR AUT BIENS SE||SUD-OUEST ALIMENT|618|20201202|aliment|35,3|0|||20201202|||20201202|BANQUE|
21|CREDIT AGRICOLE PRO|21-8145|20201202|51210000|CREDIT MUTUEL||SUD-OUEST ALIMENT|618|20201202|aliment|0|388,3|||20201202|||20201202|BANQUE|
21|CREDIT AGRICOLE PRO|21-8146|20201202|61680000|ASSUR. AUTRES. (ADI)||PACIFICA ASSU|619|20201202|assu pret|21,79|0|||20201202|||20201202|BANQUE|
21|CREDIT AGRICOLE PRO|21-8146|20201202|51210000|CREDIT MUTUEL||PACIFICA ASSU|619|20201202|assu pret|0|21,79|||20201202|||20201202|BANQUE|
21|CREDIT AGRICOLE PRO|21-8147|20201203|70200000|VENTES PRODUITS ANIM||VENTES|620|20201203|PRODUITS ANIMAUX|0|326,69|||20201203|||20201203|BANQUE|
21|CREDIT AGRICOLE PRO|21-8147|20201203|44571000|TVA COLLECTEE ENCAIS||VENTES|620|20201203|PRODUITS ANIMAUX|0|17,97|||20201203|||20201203|BANQUE|
21|CREDIT AGRICOLE PRO|21-8147|20201203|51210000|CREDIT MUTUEL||VENTES|620|20201203|PRODUITS ANIMAUX|344,66|0|||20201203|||20201203|BANQUE|
21|CREDIT AGRICOLE PRO|21-8148|20201203|70200000|VENTES PRODUITS ANIM||VENTES|621|20201203|PRODUITS ANIMAUX|0|508,86|||20201203|||20201203|BANQUE|
21|CREDIT AGRICOLE PRO|21-8148|20201203|44571000|TVA COLLECTEE ENCAIS||VENTES|621|20201203|PRODUITS ANIMAUX|0|27,99|||20201203|||20201203|BANQUE|
21|CREDIT AGRICOLE PRO|21-8148|20201203|51210000|CREDIT MUTUEL||VENTES|621|20201203|PRODUITS ANIMAUX|536,85|0|||20201203|||20201203|BANQUE|
22|PRIVE|22-8035|20201203|60530000|TRAV/PRODUITS TRANSF||ABATTOIR|PR13|20201203|abattage|105|0|||20201203|||20201203|BANQUE|
22|PRIVE|22-8035|20201203|60530000|TRAV/PRODUITS TRANSF||ABATTOIR|PR13|20201203|abattage|69,69|0|||20201203|||20201203|BANQUE|
22|PRIVE|22-8035|20201203|44566000|TVA SUR AUT BIENS SE||ABATTOIR|PR13|20201203|abattage|5,78|0|||20201203|||20201203|BANQUE|
22|PRIVE|22-8035|20201203|44566000|TVA SUR AUT BIENS SE||ABATTOIR|PR13|20201203|abattage|13,94|0|||20201203|||20201203|BANQUE|
22|PRIVE|22-8035|20201203|10800000|COMPTE DE L EXPLOITA||ABATTOIR|PR13|20201203|abattage|0|194,41|||20201203|||20201203|BANQUE|
21|CREDIT AGRICOLE PRO|21-8149|20201204|10800000|COMPTE DE L EXPLOITA||MOI|622|20201204|COMPTE DE L EXPLOITANT|79,04|0|||20201204|||20201204|BANQUE|
21|CREDIT AGRICOLE PRO|21-8149|20201204|51210000|CREDIT MUTUEL||MOI|622|20201204|COMPTE DE L EXPLOITANT|0|79,04|||20201204|||20201204|BANQUE|
21|CREDIT AGRICOLE PRO|21-8150|20201207|61220000|CREDIT-BAIL MOBILIER||LIXXBAIL|623|20201207|novembre 2020|507,64|0|||20201207|||20201207|BANQUE|
21|CREDIT AGRICOLE PRO|21-8150|20201207|51210000|CREDIT MUTUEL||LIXXBAIL|623|20201207|novembre 2020|0|507,64|||20201207|||20201207|BANQUE|
21|CREDIT AGRICOLE PRO|21-8151|20201208|70200000|VENTES PRODUITS ANIM||VENTES|624|20201208|PRODUITS ANIMAUX|0|76,3|||20201208|||20201208|BANQUE|
21|CREDIT AGRICOLE PRO|21-8151|20201208|44571000|TVA COLLECTEE ENCAIS||VENTES|624|20201208|PRODUITS ANIMAUX|0|4,2|||20201208|||20201208|BANQUE|
21|CREDIT AGRICOLE PRO|21-8151|20201208|51210000|CREDIT MUTUEL||VENTES|624|20201208|PRODUITS ANIMAUX|80,5|0|||20201208|||20201208|BANQUE|
21|CREDIT AGRICOLE PRO|21-8152|20201208|70200000|VENTES PRODUITS ANIM||VENTES|625|20201208|PRODUITS ANIMAUX|0|213,58|||20201208|||20201208|BANQUE|
21|CREDIT AGRICOLE PRO|21-8152|20201208|44571000|TVA COLLECTEE ENCAIS||VENTES|625|20201208|PRODUITS ANIMAUX|0|11,75|||20201208|||20201208|BANQUE|
21|CREDIT AGRICOLE PRO|21-8152|20201208|51210000|CREDIT MUTUEL||VENTES|625|20201208|PRODUITS ANIMAUX|225,33|0|||20201208|||20201208|BANQUE|
21|CREDIT AGRICOLE PRO|21-8153|20201208|70200000|VENTES PRODUITS ANIM||VENTES|626|20201208|PRODUITS ANIMAUX|0|97,59|||20201208|||20201208|BANQUE|
21|CREDIT AGRICOLE PRO|21-8153|20201208|44571000|TVA COLLECTEE ENCAIS||VENTES|626|20201208|PRODUITS ANIMAUX|0|5,37|||20201208|||20201208|BANQUE|
21|CREDIT AGRICOLE PRO|21-8153|20201208|51210000|CREDIT MUTUEL||VENTES|626|20201208|PRODUITS ANIMAUX|102,96|0|||20201208|||20201208|BANQUE|
21|CREDIT AGRICOLE PRO|21-8154|20201208|70200000|VENTES PRODUITS ANIM||VENTES|627|20201208|PRODUITS ANIMAUX|0|118,02|||20201208|||20201208|BANQUE|
21|CREDIT AGRICOLE PRO|21-8154|20201208|44571000|TVA COLLECTEE ENCAIS||VENTES|627|20201208|PRODUITS ANIMAUX|0|6,49|||20201208|||20201208|BANQUE|
21|CREDIT AGRICOLE PRO|21-8154|20201208|51210000|CREDIT MUTUEL||VENTES|627|20201208|PRODUITS ANIMAUX|124,51|0|||20201208|||20201208|BANQUE|
21|CREDIT AGRICOLE PRO|21-8155|20201208|70200000|VENTES PRODUITS ANIM||VENTES|628|20201208|PRODUITS ANIMAUX|0|244,62|||20201208|||20201208|BANQUE|
21|CREDIT AGRICOLE PRO|21-8155|20201208|44571000|TVA COLLECTEE ENCAIS||VENTES|628|20201208|PRODUITS ANIMAUX|0|13,46|||20201208|||20201208|BANQUE|
21|CREDIT AGRICOLE PRO|21-8155|20201208|51210000|CREDIT MUTUEL||VENTES|628|20201208|PRODUITS ANIMAUX|258,08|0|||20201208|||20201208|BANQUE|
21|CREDIT AGRICOLE PRO|21-8156|20201208|70200000|VENTES PRODUITS ANIM||VENTES|629|20201208|PRODUITS ANIMAUX|0|140,8|||20201208|||20201208|BANQUE|
21|CREDIT AGRICOLE PRO|21-8156|20201208|44571000|TVA COLLECTEE ENCAIS||VENTES|629|20201208|PRODUITS ANIMAUX|0|7,74|||20201208|||20201208|BANQUE|
21|CREDIT AGRICOLE PRO|21-8156|20201208|51210000|CREDIT MUTUEL||VENTES|629|20201208|PRODUITS ANIMAUX|148,54|0|||20201208|||20201208|BANQUE|
21|CREDIT AGRICOLE PRO|21-8157|20201208|60640000|CARBURANTS A LA POMP||INTERMARCHÉ|630|20201208|CARBURANTS A LA POMPE|60,83|0|||20201208|||20201208|BANQUE|
21|CREDIT AGRICOLE PRO|21-8157|20201208|44566000|TVA SUR AUT BIENS SE||INTERMARCHÉ|630|20201208|CARBURANTS A LA POMPE|12,17|0|||20201208|||20201208|BANQUE|
21|CREDIT AGRICOLE PRO|21-8157|20201208|51210000|CREDIT MUTUEL||INTERMARCHÉ|630|20201208|CARBURANTS A LA POMPE|0|73|||20201208|||20201208|BANQUE|
21|CREDIT AGRICOLE PRO|21-8158|20201208|60140000|ALIMENTS DU BETAIL||SUD-OUEST ALIMENT|631|20201208|aliment|280,6|0|||20201208|||20201208|BANQUE|
21|CREDIT AGRICOLE PRO|21-8158|20201208|44566000|TVA SUR AUT BIENS SE||SUD-OUEST ALIMENT|631|20201208|aliment|28,06|0|||20201208|||20201208|BANQUE|
21|CREDIT AGRICOLE PRO|21-8158|20201208|51210000|CREDIT MUTUEL||SUD-OUEST ALIMENT|631|20201208|aliment|0|308,66|||20201208|||20201208|BANQUE|
21|CREDIT AGRICOLE PRO|21-8159|20201209|70200000|VENTES PRODUITS ANIM||VENTES|632|20201209|PRODUITS ANIMAUX|0|186,87|||20201209|||20201209|BANQUE|
21|CREDIT AGRICOLE PRO|21-8159|20201209|44571000|TVA COLLECTEE ENCAIS||VENTES|632|20201209|PRODUITS ANIMAUX|0|10,28|||20201209|||20201209|BANQUE|
21|CREDIT AGRICOLE PRO|21-8159|20201209|51210000|CREDIT MUTUEL||VENTES|632|20201209|PRODUITS ANIMAUX|197,15|0|||20201209|||20201209|BANQUE|
21|CREDIT AGRICOLE PRO|21-8160|20201209|70200000|VENTES PRODUITS ANIM||VENTES|633|20201209|PRODUITS ANIMAUX|0|65,4|||20201209|||20201209|BANQUE|
21|CREDIT AGRICOLE PRO|21-8160|20201209|44571000|TVA COLLECTEE ENCAIS||VENTES|633|20201209|PRODUITS ANIMAUX|0|3,6|||20201209|||20201209|BANQUE|
21|CREDIT AGRICOLE PRO|21-8160|20201209|51210000|CREDIT MUTUEL||VENTES|633|20201209|PRODUITS ANIMAUX|69|0|||20201209|||20201209|BANQUE|
21|CREDIT AGRICOLE PRO|21-8161|20201210|70200000|VENTES PRODUITS ANIM||VENTES|634|20201210|PRODUITS ANIMAUX|0|189,57|||20201210|||20201210|BANQUE|
21|CREDIT AGRICOLE PRO|21-8161|20201210|44571000|TVA COLLECTEE ENCAIS||VENTES|634|20201210|PRODUITS ANIMAUX|0|10,43|||20201210|||20201210|BANQUE|
21|CREDIT AGRICOLE PRO|21-8161|20201210|51210000|CREDIT MUTUEL||VENTES|634|20201210|PRODUITS ANIMAUX|200|0|||20201210|||20201210|BANQUE|
22|PRIVE|22-8036|20201210|60530000|TRAV/PRODUITS TRANSF||ABATTOIR|PR14|20201210|abattage|120|0|||20201210|||20201210|BANQUE|
22|PRIVE|22-8036|20201210|60530000|TRAV/PRODUITS TRANSF||ABATTOIR|PR14|20201210|abattage|70,51|0|||20201210|||20201210|BANQUE|
22|PRIVE|22-8036|20201210|44566000|TVA SUR AUT BIENS SE||ABATTOIR|PR14|20201210|abattage|6,6|0|||20201210|||20201210|BANQUE|
22|PRIVE|22-8036|20201210|44566000|TVA SUR AUT BIENS SE||ABATTOIR|PR14|20201210|abattage|14,1|0|||20201210|||20201210|BANQUE|
22|PRIVE|22-8036|20201210|10800000|COMPTE DE L EXPLOITA||ABATTOIR|PR14|20201210|abattage|0|211,21|||20201210|||20201210|BANQUE|
21|CREDIT AGRICOLE PRO|21-8162|20201211|10800000|COMPTE DE L EXPLOITA||MOI|635|20201211|COMPTE DE L EXPLOITANT|150|0|||20201211|||20201211|BANQUE|
21|CREDIT AGRICOLE PRO|21-8162|20201211|51210000|CREDIT MUTUEL||MOI|635|20201211|COMPTE DE L EXPLOITANT|0|150|||20201211|||20201211|BANQUE|
21|CREDIT AGRICOLE PRO|21-8163|20201215|40910000|FOURNISSEURS AVANCES||SITEL|636|20201215|solde facture nov|562,76|0|*C||20201215|||20201215|BANQUE|
21|CREDIT AGRICOLE PRO|21-8163|20201215|51210000|CREDIT MUTUEL||SITEL|636|20201215|solde facture nov|0|562,76|||20201215|||20201215|BANQUE|
21|CREDIT AGRICOLE PRO|21-8164|20201215|61680000|ASSUR. AUTRES. (ADI)||PACIFICA ASSU|637|20201215|ASSUR. AUTRES. (ADI)|27,5|0|||20201215|||20201215|BANQUE|
21|CREDIT AGRICOLE PRO|21-8164|20201215|51210000|CREDIT MUTUEL||PACIFICA ASSU|637|20201215|ASSUR. AUTRES. (ADI)|0|27,5|||20201215|||20201215|BANQUE|
21|CREDIT AGRICOLE PRO|21-8165|20201216|66181000|INTS./DECOUVERT||BANQUE|638|20201216|frais imp|20|0|||20201216|||20201216|BANQUE|
21|CREDIT AGRICOLE PRO|21-8165|20201216|51210000|CREDIT MUTUEL||BANQUE|638|20201216|frais imp|0|20|||20201216|||20201216|BANQUE|
21|CREDIT AGRICOLE PRO|21-8166|20201216|66181000|INTS./DECOUVERT||BANQUE|639|20201216|frais imp|20|0|||20201216|||20201216|BANQUE|
21|CREDIT AGRICOLE PRO|21-8166|20201216|51210000|CREDIT MUTUEL||BANQUE|639|20201216|frais imp|0|20|||20201216|||20201216|BANQUE|
21|CREDIT AGRICOLE PRO|21-8167|20201217|60640000|CARBURANTS A LA POMP||LECLERC|640|20201217|CARBURANTS A LA POMPE|68,73|0|||20201217|||20201217|BANQUE|
21|CREDIT AGRICOLE PRO|21-8167|20201217|44566000|TVA SUR AUT BIENS SE||LECLERC|640|20201217|CARBURANTS A LA POMPE|13,75|0|||20201217|||20201217|BANQUE|
21|CREDIT AGRICOLE PRO|21-8167|20201217|51210000|CREDIT MUTUEL||LECLERC|640|20201217|CARBURANTS A LA POMPE|0|82,48|||20201217|||20201217|BANQUE|
21|CREDIT AGRICOLE PRO|21-8168|20201218|60530000|TRAV/PRODUITS TRANSF||ABATTOIR|641|20201218|abattoir|117,15|0|||20201218|||20201218|BANQUE|
21|CREDIT AGRICOLE PRO|21-8168|20201218|60530000|TRAV/PRODUITS TRANSF||ABATTOIR|641|20201218|abattoir|2,5|0|||20201218|||20201218|BANQUE|
21|CREDIT AGRICOLE PRO|21-8168|20201218|44566000|TVA SUR AUT BIENS SE||ABATTOIR|641|20201218|abattoir|6,44|0|||20201218|||20201218|BANQUE|
21|CREDIT AGRICOLE PRO|21-8168|20201218|44566000|TVA SUR AUT BIENS SE||ABATTOIR|641|20201218|abattoir|0,5|0|||20201218|||20201218|BANQUE|
21|CREDIT AGRICOLE PRO|21-8168|20201218|51210000|CREDIT MUTUEL||ABATTOIR|641|20201218|abattoir|0|126,59|||20201218|||20201218|BANQUE|
21|CREDIT AGRICOLE PRO|21-8169|20201218|60610000|EAU||CCAS LES PEINTU|642|20201218|eau don|65|0|||20201218|||20201218|BANQUE|
21|CREDIT AGRICOLE PRO|21-8169|20201218|51210000|CREDIT MUTUEL||CCAS LES PEINTU|642|20201218|eau don|0|65|||20201218|||20201218|BANQUE|
21|CREDIT AGRICOLE PRO|21-8170|20201218|62220000|COMMISSIONS SUR VENT||SOCLEO|643|20201218|PUBLICAT,TARIFS, MAILING|34,12|0|||20201218|||20201218|BANQUE|
21|CREDIT AGRICOLE PRO|21-8170|20201218|44566000|TVA SUR AUT BIENS SE||SOCLEO|643|20201218|PUBLICAT,TARIFS, MAILING|1,88|0|||20201218|||20201218|BANQUE|
21|CREDIT AGRICOLE PRO|21-8170|20201218|51210000|CREDIT MUTUEL||SOCLEO|643|20201218|PUBLICAT,TARIFS, MAILING|0|36|||20201218|||20201218|BANQUE|
21|CREDIT AGRICOLE PRO|21-8171|20201218|62700000|SERVICES BANCAIRES||BANQUE|644|20201218|SERVICES BANCAIRES|13,4|0|||20201218|||20201218|BANQUE|
21|CREDIT AGRICOLE PRO|21-8171|20201218|51210000|CREDIT MUTUEL||BANQUE|644|20201218|SERVICES BANCAIRES|0|13,4|||20201218|||20201218|BANQUE|
21|CREDIT AGRICOLE PRO|21-8172|20201221|60640000|CARBURANTS A LA POMP||INTERMARCHÉ|645|20201221|CARBURANTS A LA POMPE|64,2|0|||20201221|||20201221|BANQUE|
21|CREDIT AGRICOLE PRO|21-8172|20201221|44566000|TVA SUR AUT BIENS SE||INTERMARCHÉ|645|20201221|CARBURANTS A LA POMPE|12,84|0|||20201221|||20201221|BANQUE|
21|CREDIT AGRICOLE PRO|21-8172|20201221|51210000|CREDIT MUTUEL||INTERMARCHÉ|645|20201221|CARBURANTS A LA POMPE|0|77,04|||20201221|||20201221|BANQUE|
21|CREDIT AGRICOLE PRO|21-8173|20201221|60140000|ALIMENTS DU BETAIL||SUD-OUEST ALIMENT|646|20201221|aliment|353|0|||20201221|||20201221|BANQUE|
21|CREDIT AGRICOLE PRO|21-8173|20201221|44566000|TVA SUR AUT BIENS SE||SUD-OUEST ALIMENT|646|20201221|aliment|35,3|0|||20201221|||20201221|BANQUE|
21|CREDIT AGRICOLE PRO|21-8173|20201221|51210000|CREDIT MUTUEL||SUD-OUEST ALIMENT|646|20201221|aliment|0|388,3|||20201221|||20201221|BANQUE|
21|CREDIT AGRICOLE PRO|21-8174|20201221|60140000|ALIMENTS DU BETAIL||SUD-OUEST ALIMENT|647|20201221|aliment|353|0|||20201221|||20201221|BANQUE|
21|CREDIT AGRICOLE PRO|21-8174|20201221|44566000|TVA SUR AUT BIENS SE||SUD-OUEST ALIMENT|647|20201221|aliment|35,3|0|||20201221|||20201221|BANQUE|
21|CREDIT AGRICOLE PRO|21-8174|20201221|51210000|CREDIT MUTUEL||SUD-OUEST ALIMENT|647|20201221|aliment|0|388,3|||20201221|||20201221|BANQUE|
21|CREDIT AGRICOLE PRO|21-8175|20201222|70200000|VENTES PRODUITS ANIM||VENTES|648|20201222|PRODUITS ANIMAUX|0|141,13|||20201222|||20201222|BANQUE|
21|CREDIT AGRICOLE PRO|21-8175|20201222|44571000|TVA COLLECTEE ENCAIS||VENTES|648|20201222|PRODUITS ANIMAUX|0|7,76|||20201222|||20201222|BANQUE|
21|CREDIT AGRICOLE PRO|21-8175|20201222|51210000|CREDIT MUTUEL||VENTES|648|20201222|PRODUITS ANIMAUX|148,89|0|||20201222|||20201222|BANQUE|
21|CREDIT AGRICOLE PRO|21-8176|20201222|70200000|VENTES PRODUITS ANIM||VENTES|649|20201222|PRODUITS ANIMAUX|0|100,27|||20201222|||20201222|BANQUE|
21|CREDIT AGRICOLE PRO|21-8176|20201222|44571000|TVA COLLECTEE ENCAIS||VENTES|649|20201222|PRODUITS ANIMAUX|0|5,52|||20201222|||20201222|BANQUE|
21|CREDIT AGRICOLE PRO|21-8176|20201222|51210000|CREDIT MUTUEL||VENTES|649|20201222|PRODUITS ANIMAUX|105,79|0|||20201222|||20201222|BANQUE|
21|CREDIT AGRICOLE PRO|21-8177|20201222|70200000|VENTES PRODUITS ANIM||VENTES|650|20201222|PRODUITS ANIMAUX|0|112,72|||20201222|||20201222|BANQUE|
21|CREDIT AGRICOLE PRO|21-8177|20201222|44571000|TVA COLLECTEE ENCAIS||VENTES|650|20201222|PRODUITS ANIMAUX|0|6,2|||20201222|||20201222|BANQUE|
21|CREDIT AGRICOLE PRO|21-8177|20201222|51210000|CREDIT MUTUEL||VENTES|650|20201222|PRODUITS ANIMAUX|118,92|0|||20201222|||20201222|BANQUE|
21|CREDIT AGRICOLE PRO|21-8178|20201222|70200000|VENTES PRODUITS ANIM||VENTES|651|20201222|PRODUITS ANIMAUX|0|172,78|||20201222|||20201222|BANQUE|
21|CREDIT AGRICOLE PRO|21-8178|20201222|44571000|TVA COLLECTEE ENCAIS||VENTES|651|20201222|PRODUITS ANIMAUX|0|9,5|||20201222|||20201222|BANQUE|
21|CREDIT AGRICOLE PRO|21-8178|20201222|51210000|CREDIT MUTUEL||VENTES|651|20201222|PRODUITS ANIMAUX|182,28|0|||20201222|||20201222|BANQUE|
21|CREDIT AGRICOLE PRO|21-8179|20201222|70200000|VENTES PRODUITS ANIM||VENTES|652|20201222|PRODUITS ANIMAUX|0|93,36|||20201222|||20201222|BANQUE|
21|CREDIT AGRICOLE PRO|21-8179|20201222|44571000|TVA COLLECTEE ENCAIS||VENTES|652|20201222|PRODUITS ANIMAUX|0|5,14|||20201222|||20201222|BANQUE|
21|CREDIT AGRICOLE PRO|21-8179|20201222|51210000|CREDIT MUTUEL||VENTES|652|20201222|PRODUITS ANIMAUX|98,5|0|||20201222|||20201222|BANQUE|
21|CREDIT AGRICOLE PRO|21-8180|20201222|70200000|VENTES PRODUITS ANIM||VENTES|653|20201222|PRODUITS ANIMAUX|0|138,44|||20201222|||20201222|BANQUE|
21|CREDIT AGRICOLE PRO|21-8180|20201222|44571000|TVA COLLECTEE ENCAIS||VENTES|653|20201222|PRODUITS ANIMAUX|0|7,61|||20201222|||20201222|BANQUE|
21|CREDIT AGRICOLE PRO|21-8180|20201222|51210000|CREDIT MUTUEL||VENTES|653|20201222|PRODUITS ANIMAUX|146,05|0|||20201222|||20201222|BANQUE|
21|CREDIT AGRICOLE PRO|21-8181|20201222|70200000|VENTES PRODUITS ANIM||VENTES|654|20201222|PRODUITS ANIMAUX|0|96,74|||20201222|||20201222|BANQUE|
21|CREDIT AGRICOLE PRO|21-8181|20201222|44571000|TVA COLLECTEE ENCAIS||VENTES|654|20201222|PRODUITS ANIMAUX|0|5,32|||20201222|||20201222|BANQUE|
21|CREDIT AGRICOLE PRO|21-8181|20201222|51210000|CREDIT MUTUEL||VENTES|654|20201222|PRODUITS ANIMAUX|102,06|0|||20201222|||20201222|BANQUE|
21|CREDIT AGRICOLE PRO|21-8182|20201222|70200000|VENTES PRODUITS ANIM||VENTES|655|20201222|PRODUITS ANIMAUX|0|152,61|||20201222|||20201222|BANQUE|
21|CREDIT AGRICOLE PRO|21-8182|20201222|44571000|TVA COLLECTEE ENCAIS||VENTES|655|20201222|PRODUITS ANIMAUX|0|8,39|||20201222|||20201222|BANQUE|
21|CREDIT AGRICOLE PRO|21-8182|20201222|51210000|CREDIT MUTUEL||VENTES|655|20201222|PRODUITS ANIMAUX|161|0|||20201222|||20201222|BANQUE|
96|DETTES FIN EXER 401|96-8812|20201222|60530000|TRAV/PRODUITS TRANSF||DETTES FIN EXER 401|D11|20201222|CFA apprenti|70|0|||20201222|||20201222||
96|DETTES FIN EXER 401|96-8812|20201222|40199999|FOURNISSEURS EXPLOIT||DETTES FIN EXER 401|D11|20201222|CFA apprenti|0|70|||20201222|||20201222||
21|CREDIT AGRICOLE PRO|21-8183|20201228|60640000|CARBURANTS A LA POMP||INTERMARCHÉ|656|20201228|CARBURANTS A LA POMPE|70,84|0|||20201228|||20201228|BANQUE|
21|CREDIT AGRICOLE PRO|21-8183|20201228|44566000|TVA SUR AUT BIENS SE||INTERMARCHÉ|656|20201228|CARBURANTS A LA POMPE|14,17|0|||20201228|||20201228|BANQUE|
21|CREDIT AGRICOLE PRO|21-8183|20201228|51210000|CREDIT MUTUEL||INTERMARCHÉ|656|20201228|CARBURANTS A LA POMPE|0|85,01|||20201228|||20201228|BANQUE|
21|CREDIT AGRICOLE PRO|21-8184|20201228|60140000|ALIMENTS DU BETAIL||SUD-OUEST ALIMENT|657|20201228|aliment|158,4|0|||20201228|||20201228|BANQUE|
21|CREDIT AGRICOLE PRO|21-8184|20201228|44566000|TVA SUR AUT BIENS SE||SUD-OUEST ALIMENT|657|20201228|aliment|15,84|0|||20201228|||20201228|BANQUE|
21|CREDIT AGRICOLE PRO|21-8184|20201228|51210000|CREDIT MUTUEL||SUD-OUEST ALIMENT|657|20201228|aliment|0|174,24|||20201228|||20201228|BANQUE|
21|CREDIT AGRICOLE PRO|21-8185|20201229|70200000|VENTES PRODUITS ANIM||VENTES|658|20201229|PRODUITS ANIMAUX|0|62,39|||20201229|||20201229|BANQUE|
21|CREDIT AGRICOLE PRO|21-8185|20201229|44571000|TVA COLLECTEE ENCAIS||VENTES|658|20201229|PRODUITS ANIMAUX|0|3,44|||20201229|||20201229|BANQUE|
21|CREDIT AGRICOLE PRO|21-8185|20201229|51210000|CREDIT MUTUEL||VENTES|658|20201229|PRODUITS ANIMAUX|65,83|0|||20201229|||20201229|BANQUE|
21|CREDIT AGRICOLE PRO|21-8186|20201229|70200000|VENTES PRODUITS ANIM||VENTES|659|20201229|PRODUITS ANIMAUX|0|86,84|||20201229|||20201229|BANQUE|
21|CREDIT AGRICOLE PRO|21-8186|20201229|44571000|TVA COLLECTEE ENCAIS||VENTES|659|20201229|PRODUITS ANIMAUX|0|4,78|||20201229|||20201229|BANQUE|
21|CREDIT AGRICOLE PRO|21-8186|20201229|51210000|CREDIT MUTUEL||VENTES|659|20201229|PRODUITS ANIMAUX|91,62|0|||20201229|||20201229|BANQUE|
21|CREDIT AGRICOLE PRO|21-8187|20201229|70200000|VENTES PRODUITS ANIM||VENTES|660|20201229|PRODUITS ANIMAUX|0|319,94|||20201229|||20201229|BANQUE|
21|CREDIT AGRICOLE PRO|21-8187|20201229|44571000|TVA COLLECTEE ENCAIS||VENTES|660|20201229|PRODUITS ANIMAUX|0|17,6|||20201229|||20201229|BANQUE|
21|CREDIT AGRICOLE PRO|21-8187|20201229|51210000|CREDIT MUTUEL||VENTES|660|20201229|PRODUITS ANIMAUX|337,54|0|||20201229|||20201229|BANQUE|
21|CREDIT AGRICOLE PRO|21-8188|20201229|70200000|VENTES PRODUITS ANIM||VENTES|661|20201229|PRODUITS ANIMAUX|0|398,7|||20201229|||20201229|BANQUE|
21|CREDIT AGRICOLE PRO|21-8188|20201229|44571000|TVA COLLECTEE ENCAIS||VENTES|661|20201229|PRODUITS ANIMAUX|0|21,93|||20201229|||20201229|BANQUE|
21|CREDIT AGRICOLE PRO|21-8188|20201229|51210000|CREDIT MUTUEL||VENTES|661|20201229|PRODUITS ANIMAUX|420,63|0|||20201229|||20201229|BANQUE|
21|CREDIT AGRICOLE PRO|21-8189|20201229|62700000|SERVICES BANCAIRES||BANQUE|662|20201229|carte|120|0|||20201229|||20201229|BANQUE|
21|CREDIT AGRICOLE PRO|21-8189|20201229|51210000|CREDIT MUTUEL||BANQUE|662|20201229|carte|0|120|||20201229|||20201229|BANQUE|
21|CREDIT AGRICOLE PRO|21-8190|20201230|60660000|PETIT MAT. ET OUTILL||BRICOMARCHÉ|663|20201230|PETIT MAT. ET OUTILLAGE|2,8|0|||20201230|||20201230|BANQUE|
21|CREDIT AGRICOLE PRO|21-8190|20201230|60660000|PETIT MAT. ET OUTILL||BRICOMARCHÉ|663|20201230|PETIT MAT. ET OUTILLAGE|51,99|0|||20201230|||20201230|BANQUE|
21|CREDIT AGRICOLE PRO|21-8190|20201230|44566000|TVA SUR AUT BIENS SE||BRICOMARCHÉ|663|20201230|PETIT MAT. ET OUTILLAGE|0,15|0|||20201230|||20201230|BANQUE|
21|CREDIT AGRICOLE PRO|21-8190|20201230|44566000|TVA SUR AUT BIENS SE||BRICOMARCHÉ|663|20201230|PETIT MAT. ET OUTILLAGE|10,4|0|||20201230|||20201230|BANQUE|
21|CREDIT AGRICOLE PRO|21-8190|20201230|51210000|CREDIT MUTUEL||BRICOMARCHÉ|663|20201230|PETIT MAT. ET OUTILLAGE|0|65,34|||20201230|||20201230|BANQUE|
21|CREDIT AGRICOLE PRO|21-8191|20201230|60140000|ALIMENTS DU BETAIL||SUD-OUEST ALIMENT|664|20201230|aliment|140,3|0|||20201230|||20201230|BANQUE|
21|CREDIT AGRICOLE PRO|21-8191|20201230|44566000|TVA SUR AUT BIENS SE||SUD-OUEST ALIMENT|664|20201230|aliment|14,03|0|||20201230|||20201230|BANQUE|
21|CREDIT AGRICOLE PRO|21-8191|20201230|51210000|CREDIT MUTUEL||SUD-OUEST ALIMENT|664|20201230|aliment|0|154,33|||20201230|||20201230|BANQUE|
21|CREDIT AGRICOLE PRO|21-8192|20201230|60140000|ALIMENTS DU BETAIL||SUD-OUEST ALIMENT|665|20201230|aliment|158,4|0|||20201230|||20201230|BANQUE|
21|CREDIT AGRICOLE PRO|21-8192|20201230|44566000|TVA SUR AUT BIENS SE||SUD-OUEST ALIMENT|665|20201230|aliment|15,84|0|||20201230|||20201230|BANQUE|
21|CREDIT AGRICOLE PRO|21-8192|20201230|51210000|CREDIT MUTUEL||SUD-OUEST ALIMENT|665|20201230|aliment|0|174,24|||20201230|||20201230|BANQUE|
21|CREDIT AGRICOLE PRO|21-8193|20201231|62700000|SERVICES BANCAIRES||CREDIT AGRICOLE|666|20201231|services bancaires|157,95|0|||20201231|||20201231|BANQUE|
21|CREDIT AGRICOLE PRO|21-8193|20201231|51210000|CREDIT MUTUEL||CREDIT AGRICOLE|666|20201231|services bancaires|0|157,95|||20201231|||20201231|BANQUE|
22|PRIVE|22-8037|20201231|60240000|FOURNIT BUREAU||BUREAU VALLEE|PR15|20201231|ENVELOPPES|11,55|0|||20201231|||20201231|BANQUE|
22|PRIVE|22-8037|20201231|60240000|FOURNIT BUREAU||BUREAU VALLEE|PR15|20201231|ENVELOPPES|9,1|0|||20201231|||20201231|BANQUE|
22|PRIVE|22-8037|20201231|44566000|TVA SUR AUT BIENS SE||BUREAU VALLEE|PR15|20201231|ENVELOPPES|2,31|0|||20201231|||20201231|BANQUE|
22|PRIVE|22-8037|20201231|44566000|TVA SUR AUT BIENS SE||BUREAU VALLEE|PR15|20201231|ENVELOPPES|0,5|0|||20201231|||20201231|BANQUE|
22|PRIVE|22-8037|20201231|10800000|COMPTE DE L EXPLOITA||BUREAU VALLEE|PR15|20201231|ENVELOPPES|0|23,46|||20201231|||20201231|BANQUE|
31|STOCKS FIN COMPTABLE|31-8819|20201231|30140000|ALIMENTS DU BETAIL||ALIMENT|stock1|20201231|ALIMENTS pondeuses|158,4|0|||20201231|||20201231||
31|STOCKS FIN COMPTABLE|31-8819|20201231|60314000|VAR.STOCK ALIMENTS||ALIMENT|stock1|20201231|ALIMENTS pondeuses|0|158,4|||20201231|||20201231||
31|STOCKS FIN COMPTABLE|31-8820|20201231|32000000|STOCKS ANIMAUX (CYC.||ALIMENT|stock2|20201231|STOCKS ANIMAUX (CYC.COU)|727,27|0|||20201231|||20201231||
31|STOCKS FIN COMPTABLE|31-8820|20201231|71320000|VARIATION ANX CY COU||ALIMENT|stock2|20201231|VARIATION ANX CY COURT|0|727,27|||20201231|||20201231||
90|OPERATION DIVERSES|90-6784|20201231|70200000|VENTES PRODUITS ANIM||VENTE REGUL TVA|X5|20201231|vente regul tva 4t2020|0|10|||20201231|||20201231||
90|OPERATION DIVERSES|90-6784|20201231|10800000|COMPTE DE L EXPLOITA||VENTE REGUL TVA|X5|20201231|vente regul tva 4t2020|10,55|0|||20201231|||20201231||
90|OPERATION DIVERSES|90-6784|20201231|44571000|TVA COLLECTEE ENCAIS||VENTE REGUL TVA|X5|20201231|vente regul tva 4t2020|0|0,55|||20201231|||20201231||
90|OPERATION DIVERSES|90-8801|20201231|68111000|DOT IMMOB INCORPOREL||DOTATIONS AMORTS|I|20201231|Dotation FRAIS D ETABLISS|516,72|0|||20201231|||20201231||
90|OPERATION DIVERSES|90-8801|20201231|28010000|AMORT FRAIS ETABLISS||DOTATIONS AMORTS|I|20201231|Amort. FRAIS D ETABLISSEM|0|516,72|||20201231|||20201231||
90|OPERATION DIVERSES|90-8801|20201231|68112130|DOT CONST&AMNGT SOL ||DOTATIONS AMORTS|I|20201231|Dotation BATIMENTS SUR SO|766,13|0|||20201231|||20201231||
90|OPERATION DIVERSES|90-8801|20201231|28131000|AMORT. BAT.SOL PROPR||DOTATIONS AMORTS|I|20201231|Amort. BATIMENTS SUR SOL|0|766,13|||20201231|||20201231||
90|OPERATION DIVERSES|90-8801|20201231|68112130|DOT CONST&AMNGT SOL ||DOTATIONS AMORTS|I|20201231|Dotation INSTALL. AGENCEM|788,48|0|||20201231|||20201231||
90|OPERATION DIVERSES|90-8801|20201231|28135000|AMORT.INST.AMEN.SOL ||DOTATIONS AMORTS|I|20201231|Amort. INSTALL. AGENCEM.A|0|788,48|||20201231|||20201231||
90|OPERATION DIVERSES|90-8801|20201231|68112150|DOT AMORT INSTAL&MAT||DOTATIONS AMORTS|I|20201231|Dotation MATERIEL|666,69|0|||20201231|||20201231||
90|OPERATION DIVERSES|90-8801|20201231|28154000|AMORT. MATERIEL||DOTATIONS AMORTS|I|20201231|Amort. MATERIEL|0|666,69|||20201231|||20201231||
91|O.D.  CENTRALISAT. TVA|91-6785|20201231|44551000|ETAT TVA A DECAISSER||TVA|TVA|20201231|CA3 (solde) Decembre|0|1419|||20201231|||20201231||
91|O.D.  CENTRALISAT. TVA|91-6785|20201231|44583000|TVA REMBOURST DEMAND||TVA|TVA|20201231|CA3 (solde) Decembre|1419|0|||20201231|||20201231||
91|O.D.  CENTRALISAT. TVA|91-6785|20201231|44562000|TVA SUR IMMOBILISATI||TVA|TVA|20201231|TVA DEDUCTIBLE|0|299,9|||20201231|||20201231||
91|O.D.  CENTRALISAT. TVA|91-6785|20201231|44566000|TVA SUR AUT BIENS SE||TVA|TVA|20201231|TVA DEDUCTIBLE|0|978,3|||20201231|||20201231||
91|O.D.  CENTRALISAT. TVA|91-6785|20201231|44551000|ETAT TVA A DECAISSER||TVA|TVA|20201231|SOLDE MOIS 9|725|0|||20201231|||20201231||
91|O.D.  CENTRALISAT. TVA|91-6785|20201231|44567000|TVA CREDIT A REPORTE||TVA|TVA|20201231|SOLDE MOIS 9|0|725|||20201231|||20201231||
91|O.D.  CENTRALISAT. TVA|91-6785|20201231|44551000|ETAT TVA A DECAISSER||TVA|TVA|20201231|TVA/VENTES|0|584|||20201231|||20201231||
91|O.D.  CENTRALISAT. TVA|91-6785|20201231|44571000|TVA COLLECTEE ENCAIS||TVA|TVA|20201231|TVA/VENTES|584,09|0|||20201231|||20201231||
91|O.D.  CENTRALISAT. TVA|91-6785|20201231|44551000|ETAT TVA A DECAISSER||TVA|TVA|20201231|TVA DEDUCTIBLE|1278|0|||20201231|||20201231||
91|O.D.  CENTRALISAT. TVA|91-6785|20201231|65800000|CHARG.GEST.COUR(ARRO||TVA|TVA|20201231|Ajustement arrondi|0,11|0|||20201231|||20201231||
96|DETTES FIN EXER 401|96-8813|20201231|62370000|PUBLICAT,TARIFS, MAI||DETTES FIN EXER 401|D12|20201231|Le gout|197,25|0|||20201231|||20201231||
96|DETTES FIN EXER 401|96-8813|20201231|40199999|FOURNISSEURS EXPLOIT||DETTES FIN EXER 401|D12|20201231|Le gout|0|197,25|||20201231|||20201231||
96|DETTES FIN EXER 401|96-8814|20201231|61220000|CREDIT-BAIL MOBILIER||DETTES FIN EXER 401|D13|20201231|vehicule|507,64|0|||20201231|||20201231||
96|DETTES FIN EXER 401|96-8814|20201231|40199999|FOURNISSEURS EXPLOIT||DETTES FIN EXER 401|D13|20201231|vehicule|0|507,64|||20201231|||20201231||
96|DETTES FIN EXER 401|96-8815|20201231|60530000|TRAV/PRODUITS TRANSF||DETTES FIN EXER 401|D15|20201231|abattage|118|0|||20201231|||20201231||
96|DETTES FIN EXER 401|96-8815|20201231|44566000|TVA SUR AUT BIENS SE||DETTES FIN EXER 401|D15|20201231|abattage|6,49|0|||20201231|||20201231||
96|DETTES FIN EXER 401|96-8815|20201231|40199999|FOURNISSEURS EXPLOIT||DETTES FIN EXER 401|D15|20201231|abattage|0|124,49|||20201231|||20201231||
96|DETTES FIN EXER 401|96-8816|20201231|61680000|ASSUR. AUTRES. (ADI)||DETTES FIN EXER 401|D17|20201231|ASSUR. AUTRES. (ADI)|35,44|0|||20201231|||20201231||
96|DETTES FIN EXER 401|96-8816|20201231|40199999|FOURNISSEURS EXPLOIT||DETTES FIN EXER 401|D17|20201231|ASSUR. AUTRES. (ADI)|0|35,44|||20201231|||20201231||
96|DETTES FIN EXER 401|96-8817|20201231|62280000|DIVERS SERVICES EXTE||DETTES FIN EXER 401|D18|20201231|CEGARA|100|0|||20201231|||20201231||
96|DETTES FIN EXER 401|96-8817|20201231|44565000|TVA  A REGULARISER A||DETTES FIN EXER 401|D18|20201231|CEGARA|20|0|||20201231|||20201231||
96|DETTES FIN EXER 401|96-8817|20201231|40199999|FOURNISSEURS EXPLOIT||DETTES FIN EXER 401|D18|20201231|CEGARA|0|120|||20201231|||20201231||
96|DETTES FIN EXER 401|96-8818|20201231|62260000|AUTRES HONORAIRES||DETTES FIN EXER 401|D19|20201231|ECOCERT|353|0|||20201231|||20201231||
96|DETTES FIN EXER 401|96-8818|20201231|44565000|TVA  A REGULARISER A||DETTES FIN EXER 401|D19|20201231|ECOCERT|70,6|0|||20201231|||20201231||
96|DETTES FIN EXER 401|96-8818|20201231|40199999|FOURNISSEURS EXPLOIT||DETTES FIN EXER 401|D19|20201231|ECOCERT|0|423,6|||20201231|||20201231||
